3234 5040
563 411 804 494 παρεξιέναι-
827 415 1055 497 παραβάλλειν.
1360 439 1403 505 59

265 598 439 661 Dissimilis
475 607 526 662 est
557 601 606 663 vis
637 603 888 684 praepositionis
921 615 1051 669 nostrae
1081 608 1114 670 in
1146 608 1265 671 eodem
1299 610 1402 674 verbo

220 718 309 799 apud
333 719 527 793 Homerum,
554 719 675 803 Odyss.
700 723 741 786 X.
769 738 842 804 573,
865 727 930 804 ῥεῖα
954 724 1194 806 παρεξελθοῦσα.
1241 730 1403 812 Loquitur

222 849 322 921 poeta
345 841 387 904 de
411 841 515 914 Circe,
538 862 623 924 quae
648 844 741 908 facile
764 846 897 910 Ulixem
921 856 955 911 et
977 851 1085 913 socios
1107 851 1212 915 latens
1236 853 1401 936 praeterit.

222 959 297 1023 Hoc
328 961 412 1035 loco,
444 963 527 1026 sicut
557 984 658 1047 saepe
688 966 778 1046 apud
802 966 892 1040 alios,
919 969 1074 1033 maiorem
1098 973 1165 1035 vim
1190 974 1292 1036 habet
1316 971 1401 1054 παρά

224 1083 411 1164 praeditum
435 1084 570 1148 notione
605 1096 778 1167 praeter
812 1108 912 1169 quam
928 1093 1126 1172 praepositio
1143 1091 1189 1168 ε’ξ.
1229 1094 1402 1159 Translate

219 1206 308 1286 apud
340 1203 541 1288 Sophoclem
572 1206 687 1290 Antig.
718 1224 779 1288 921
816 1207 1045 1290 παρεξελθοῦσα
1076 1213 1227 1291 δαιμόνων
1252 1215 1335 1292 δίκην
1358 1254 1402 1265 -

221 1339 432 1414 transgressa
455 1333 508 1396 ius
530 1334 676 1397 deorum.
724 1336 872 1400 Indicant
887 1337 1148 1421 praepositiones
1164 1338 1207 1400 ab
1224 1358 1291 1401 una
1307 1347 1401 1420 parte

223 1447 331 1533 (παρά)
354 1450 452 1516 finem
476 1454 553 1517 iuris
578 1457 758 1520 excessisse
781 1455 839 1539 (ἐξ)
862 1457 1075 1542 Antigonam.

266 1644 496 1724 παραβάλλειν.

269 1733 492 1751 -

262 1816 412 1879 Verbum
426 1813 645 1895 παραβάλλειν
657 1817 709 1881 hic
720 1840 817 1883 suum
830 1820 938 1883 locum
951 1820 1073 1883 habere
1087 1819 1195 1883 velex
1210 1841 1252 1884 eo
1264 1829 1403 1903 apparet

217 1939 306 2021 quod
330 1938 419 2019 apud
442 1938 706 2021 Theophrastum
731 1941 906 2004 adhibetur
921 1943 964 2004 de
980 1952 1124 2005 stercore
1139 1943 1229 2023 quod
1247 1943 1400 2005 arborum

218 2059 381 2123 radicibus
412 2060 570 2132 adiicitur,
601 2079 634 2141 p.
666 2080 733 2141 449
762 2068 833 2134 ταῖς
856 2062 1010 2138 άμπέλοις
1031 2061 1141 2139 κάπρον
1165 2062 1398 2142 παραβάλλειν.

217 2182 329 2244 Paullo
360 2182 455 2244 aliter
484 2180 577 2244 Plato
609 2180 720 2242 media
749 2178 854 2243 forma
884 2200 961 2242 usus
995 2180 1075 2242 dicit
1098 2150 1210 2242 fimum
1233 2181 1398 2244 radicibus

218 2304 364 2365 omnium
389 2301 575 2384 plantarum
600 2301 809 2363 vivacitatem
829 2300 952 2374 afferre,
965 2300 1094 2381 Protag.
1110 2317 1175 2381 334
1192 2300 1243 2363 A:
1261 2299 1399 2380 ἧκθπρος

219 2422 341 2487 πάντων
384 2429 443 2486 τῶν
485 2426 592 2501 Φυτῶν
634 2427 706 2494 ταῖς
743 2421 800 2498 μὲν
833 2418 930 2501 ρἰζαῖς
963 2421 1079 2496 άγαθὸν
1116 2420 1396 2501 παραβαλλομένη.

220 2547 397 2609 Ambobus
428 2545 517 2608 hisce
548 2544 627 2606 locis
660 2539 877 2622 παραβάλλειν
903 2544 1026 2606 indicat
1050 2543 1172 2625 aliquid
1198 2545 1243 2608 ita
1267 2541 1398 2621 βάλλειν

219 2665 297 2732 άοπε
329 2673 468 2746 παρεῖναι
499 2665 565 2729 πθνι.
613 2666 742 2728 Fimum
774 2672 841 2726 tam
870 2674 959 2727 arcte
983 2666 1192 2748 coniungitur
1215 2687 1291 2729 cum
1315 2668 1399 2730 radi-

218 2791 311 2853 cibus
342 2800 379 2852 ut
409 2790 475 2851 vim
507 2789 657 2850 emittere
689 2786 791 2868 possit
819 2787 852 2848 in
883 2787 1056 2862 arborem;
1089 2788 1210 2851 eodem
1233 2789 1345 2861 modo,
1370 2790 1396 2851 si

219 2912 294 2973 licet
319 2911 454 2993 pulchra
477 2929 553 2972 cum
579 2908 683 2971 foedis
705 2926 907 2989 comparare,
931 2909 964 2970 in
987 2909 1160 2992 tragoedia
1179 2906 1398 2987 παραβάλλειν

220 3033 262 3095 ab
294 3032 452 3112 Euripide
476 3040 649 3112 usurpatur
672 3031 714 3093 de
739 3037 836 3091 cantu
861 3028 991 3110 lugubri
1014 3031 1069 3112 qui
1094 3051 1168 3094 cum
1194 3031 1302 3093 alieno
1325 3052 1398 3095 coa·

220 3153 321 3229 lescit,
358 3152 465 3235 lphig.
496 3151 596 3215 Taur.
632 3168 717 3231 1094
746 3154 799 3233 sql
827 3148 887 3226 ἐγώ
919 3173 963 3214 σοι
994 3148 1398 3238 παραβάλλομαιέξθρθνονς

219 3272 351 3355 άππερος
369 3272 441 3353 θρνις
457 3277 477 3337 i.
491 3296 519 3336 e.
537 3273 597 3349 ἐγὼ
614 3280 677 3343 τοῖς
693 3278 754 3343 σοῖς
770 3271 877 3352 θρθνοις
893 3271 1147 3352 παραβάλλομαι
1163 3272 1235 3345 ποὺς
1251 3271 1342 3351 ἔμους
1354 3311 1398 3322 -

219 3397 285 3460 tuis
307 3396 455 3460 cantibus
477 3395 637 3459 admisceo
660 3396 778 3459 luctum
803 3416 920 3469 meum,
943 3395 1014 3458 ales
1035 3395 1107 3458 sine
1130 3395 1206 3460 alis.

264 3519 316 3580 Ex
339 3517 400 3580 hac
425 3519 560 3580 notione
584 3517 668 3580 aliae
691 3516 867 3580 translatae
890 3525 982 3579 ortae
1005 3527 1099 3580 sunt:

262 3777 293 3824 a.
340 3759 465 3821 quta
497 3780 540 3822 se
565 3759 710 3823 iacere
733 3758 909 3839 aliquid,
935 3767 977 3821 ut
1000 3759 1050 3822 de
1074 3779 1122 3821 ea
1148 3779 1189 3821 re
1212 3758 1397 3832 ludatur,

218 3880 340 3943 aleae
370 3883 654 3954 committere,
686 3879 881 3962 periculo
911 3880 1127 3943 obiicere.
1167 3881 1399 3945 Mediasorma

218 4011 295 4064 tunc
328 3999 518 4064 adhibetur:
544 4000 679 4065 Homer.
705 4001 786 4065 Iliad
810 4001 868 4063 IX.
893 4018 956 4082 322
981 4002 1089 4081 ψυχὴν
1114 4001 1400 4082 παραβαλλόμενος

219 4119 396 4201 πολεμίζειν
426 4123 579 4204 Thucyd.
612 4123 654 4187 11.
677 4142 721 4203 44
746 4121 867 4195 παῖδας
891 4122 1168 4202 παραβαλλόμενοι
1191 4125 1243 4207 (cs.
1269 4124 1399 4205 παραπί-

219 4243 316 4307 θεοθαι
346 4246 437 4326 quod
469 4247 588 4307 eodem
621 4265 717 4309 sensu
749 4247 839 4328 apud
871 4245 1055 4309 Homerum
1086 4220 1250 4310 invenitur
1274 4245 1397 4326 Odyss.

219 4366 276 4429 111.
302 4381 345 4447 74
368 4365 481 4445 ψυχάς
505 4364 703 4452 παρθέμενοι).
