3234 5040
781 558 906 625 XVIII.

297 744 475 828 Perperam
520 743 718 809 Aristoteles
760 742 917 828 (Πολιτεία
962 746 1012 831 15)
1061 746 1187 824 dolum,
1231 767 1298 829 quo
1341 747 1430 810 cives

253 865 477 931 Athenienses
508 867 667 931 exarmati
698 865 772 941 sint,
803 866 971 932 Pisistrato
1003 868 1152 934 attribuit
1181 888 1281 952 quam
1311 869 1430 933 rectius

252 984 468 1069 Thucydides
490 983 559 1068 (VI.
584 984 637 1068 58)
660 983 805 1066 Hippiae
827 984 1008 1068 adscripsit.

794 1193 885 1257 XIX.

299 1351 420 1415 Iniuria
443 1349 483 1413 E.
508 1347 630 1414 Sellers
652 1348 736 1433 (The
760 1348 852 1413 elder
869 1348 990 1432 Pliny's
1008 1347 1160 1433 chapters
1174 1369 1218 1413 on
1233 1348 1290 1413 the
1304 1349 1430 1431 history

253 1473 293 1538 os
310 1482 370 1547 art,
395 1492 427 1555 p.
452 1471 508 1555 99)
531 1470 574 1535 ad
596 1469 734 1533 Plinium
758 1471 834 1534 Nat.
860 1471 945 1534 Hist.
970 1469 1111 1534 XXXV.
1137 1484 1179 1551 54
1201 1471 1288 1552 (cum
1312 1480 1347 1535 et
1361 1470 1430 1534 Phi·

254 1594 344 1660 diam
368 1594 477 1676 ipsum
499 1592 593 1655 initio
613 1592 773 1674 pictorem
789 1591 886 1655 luisse
903 1591 1049 1656 tradatur
1064 1591 1271 1675 clipeumque
1288 1590 1430 1654 Athenis

254 1717 297 1780 ab
327 1736 367 1780 eo
401 1714 549 1799 pictum.)
579 1714 733 1780 adnotat:
764 1714 799 1779 It
825 1726 943 1780 cannot
971 1717 1014 1797 of
1033 1736 1143 1780 course
1165 1715 1203 1781 be
1224 1714 1299 1780 that
1318 1716 1362 1796 of
1376 1713 1430 1778 tlte

255 1835 388 1901 Athena
409 1833 603 1900 Parthenos.

808 2013 884 2078 XX.

299 2167 473 2255 D'etortam
513 2165 703 2249 opinionem
745 2166 788 2231 de
824 2167 937 2231 Marco
972 2167 1109 2231 Aurelio
1147 2166 1209 2230 sibi
1246 2166 1431 2230 informavit

256 2298 301 2362 M.
337 2297 561 2374 Macterlinck‚
596 2298 646 2361 La
676 2317 810 2382 sagesse
838 2308 873 2362 et
902 2297 934 2362 la
965 2297 1124 2373 destinee,
1155 2320 1188 2383 p.
1217 2313 1295 2360 101:
1319 2298 1428 2362 Marc-

254 2419 375 2485 Aurele
389 2441 471 2484 nous
485 2419 539 2484 etit
548 2416 782 2502 ditpeut-itre:
798 2419 888 2494 „S’e'l
899 2440 939 2484 ne
954 2419 1136 2502 m'estplus
1146 2420 1275 2502 perman
1289 2419 1431 2483 d’aimer

254 2562 336 2607 ceux
355 2562 419 2624 que
428 2540 590 2625 j’ae'mais
604 2541 802 2623 par-dessus
824 2551 900 2615 tout,
925 2540 1004 2606 c‘est
1022 2562 1103 2606 sans
1124 2542 1219 2606 deute
1226 2552 1317 2624 pour
1329 2542 1430 2623 nt’ap

248 2663 395 2748 prendre
416 2663 439 2727 ὰ
460 2663 568 2727 ae'mer
588 2683 669 2727 ceux
690 2682 753 2746 que
764 2662 806 2746 je
829 2661 988 2727 n'ae‘mais
1002 2674 1071 2745 pas
1092 2683 1211 2727 encore.
