3234 5040
504 429 760 512 παρεδρεύειν-
784 431 979 513 παραμένειν.

199 639 401 721 παρεδρεύειν.

200 821 352 885 Proxime
375 821 418 885 ad
437 820 501 884 hoc
524 820 662 884 verbum
677 822 805 884 accedit
820 818 1021 900 παρεδρεύειν,
1038 821 1183 886 Alcestis
1200 824 1266 904 746
1281 846 1330 907 sq.

153 939 268 1006 πιύππν
291 939 599 1029 μετέχονπἨἋιδον
623 940 730 1021 νύμφῃ
755 940 946 1022 παρεδρεύοις
972 979 1015 991 ·-
1038 943 1155 1008 lterum
1165 947 1331 1028 particeps

154 1064 303 1128 Plutonis
335 1063 465 1148 coniugi
495 1063 654 1128 assideas.
700 1065 727 1126 F
729 1065 908 1127 lorentinus
944 1065 994 1148 (L)
1023 1076 1058 1128 et
1089 1065 1253 1129 Palatinus
1284 1067 1330 1150 (P)

153 1185 279 1249 habent
306 1182 517 1266 πρισεδρεύοις.
541 1186 621 1248 Mihi
645 1187 748 1268 magis
771 1184 881 1268 placet
905 1185 1002 1248 lectio
1028 1185 1219 1265 παρεδρεύιις
1242 1191 1332 1270 quod

156 1303 242 1386 nepai
277 1308 399 1371 maiore
430 1308 462 1369 vi
493 1328 593 1390 quam
625 1305 699 1385 πρύς
728 1309 948 1389 praesentiam
984 1309 1016 1370 in
1047 1309 1214 1372 vicinitate
1248 1308 1333 1373 solet

155 1429 339 1512 designare.
364 1427 404 1492 cf.
431 1429 713 1503 Ktihner-Blass‚
739 1428 867 1492 Griech.
893 1427 1071 1492 Grammat.
1090 1430 1130 1492 ΙΙ.
1155 1448 1180 1493 1.
1198 1453 1231 1514 p.
1251 1445 1331 1511 509:

155 1550 245 1626 „Die
273 1549 532 1632 Pre'e‘pase'tienem
564 1544 650 1631 πύρα
680 1550 752 1612 una'
773 1546 846 1627 πρός
870 1550 950 1613 sind
969 1551 1004 1612 e'n
1027 1550 1120 1613 ihrer
1142 1551 1330 1633 Bedentung

155 1672 312 1734 einander
333 1671 401 1735 nale
424 1670 607 1745 verwandt,
627 1671 735 1734 e'ndem
753 1667 1036 1749 repedantem,
1053 1671 1195 1752 πρύςιύίι
1214 1673 1335 1756 Gegen·

155 1804 245 1857 wart
272 1795 333 1857 der
360 1793 470 1876 Drnge
500 1791 688 1866 bezeichnen
721 1791 965 1855 unterscleee'den
991 1791 1060 1856 sicle
1085 1794 1165 1857 aber
1185 1793 1333 1857 dadurcle

155 1935 218 1977 aen
246 1915 415 1990 einander,
448 1915 528 1977 dass
551 1910 635 1991 παρύ
659 1913 754 1976 mehr
774 1934 837 1976 van
859 1914 1064 1977 rdnmle'eleen
1088 1916 1160 1978 und
1179 1924 1334 1979 a'usseren

155 2030 394 2114 Beeielrungen‚
426 2028 499 2110 πρύς
528 2030 674 2112 dagegen
704 2029 801 2093 mehr
831 2052 894 2093 nen
920 2031 1073 2094 causalen
1098 2032 1171 2095 und
1189 2035 1332 2106 e'nneren,

156 2174 219 2215 van
235 2151 671 2238 ¹Yleeite'gkeitsbenielenngen
688 2151 873 2235 gebraucht
894 2153 1015 2216 wird.'’
1062 2153 1137 2217 Hoc
1161 2154 1333 2217 discrimen

156 2273 189 2336 in
212 2274 402 2355 compositis
425 2293 558 2355 quoque
581 2293 681 2355 saepe
705 2282 853 2356 apparet.

202 2394 358 2458 Ceterum
394 2393 581 2474 παρεδρεύειν
615 2395 797 2458 derivatum
833 2403 883 2458 est
917 2396 1056 2458 verbum
1092 2396 1135 2459 ab
1170 2397 1334 2460 adiectivo

159 2513 313 2595 πύρεδρις.
355 2515 505 2597 Simplex
539 2513 663 2595 ἑδρεύειν
685 2536 844 2597 nusquam
868 2517 1040 2581 invenitur.
1084 2517 1187 2599 Apud
1211 2517 1334 2580 Demo·

158 2637 306 2700 sthemen
338 2634 507 2716 παρεδρεύω
537 2637 714 2719 significat:
739 2658 885 2701 assessor
905 2658 990 2701 sum.
1037 2637 1139 2721 Apud
1163 2638 1334 2702 aliusnon

157 2759 308 2833 occurrit,
332 2758 568 2822 recentioribus
591 2759 749 2840 exceptis.

203 2958 397 3040 παραμένειν.

203 3174 353 3237 Verbum
379 3170 562 3253 rependente
586 3173 674 3255 apud
696 3172 878 3235 Homerum
896 3192 956 3235 nec
973 3191 1039 3234 non
1056 3173 1145 3254 apud
1162 3172 1244 3235 alios
1259 3182 1336 3254 post

160 3315 246 3367 eum,
269 3294 403 3377 proprio
427 3314 524 3357 sensu
548 3294 644 3357 locali
660 3302 844 3375 usurpatur,
865 3293 1016 3356 absolute
1034 3294 1125 3357 Iliad.
1144 3293 1232 3356 XllI.
1255 3307 1333 3373 151:

161 3415 332 3495 παρρένετε
343 3451 387 3464 -
399 3416 463 3479 laea
479 3426 614 3489 manete,
626 3425 843 3497 perseverate,
860 3435 936 3477 cum
952 3417 1063 3478 dativo
1079 3415 1171 3478 Iliad.
1185 3415 1242 3478 XI.
1256 3431 1334 3493 402.

205 3538 308 3621 Apud
340 3538 532 3620 Euripidem
554 3538 684 3601 duobus
708 3536 788 3599 locis
811 3536 930 3619 legitur
952 3536 1109 3599 translate
1132 3536 1334 3599 adhibitum:

160 3658 341 3724 Absolute:
359 3659 489 3722 Electra
504 3677 565 3740 941
585 3679 634 3741 sq.
652 3660 668 3730 ri
684 3657 744 3737 γὰρ
761 3656 854 3738 Φύσις
870 3657 1007 3735 βέβαιος,
1024 3659 1055 3721 ού
1071 3657 1114 3720 rel
1131 3649 1335 3743 χρύματαζξῆ

160 3779 217 3858 μὲν
247 3778 307 3859 παρ
334 3778 392 3844 αἰεὶ
422 3779 627 3859 παραμένινσ’
651 3777 725 3860 αἴρει
747 3776 831 3842 nand
857 3816 897 3826 -
922 3780 1088 3862 ingenium
1112 3780 1197 3842 enim
1220 3778 1337 3842 stabile

160 3913 217 3973 est,
249 3923 312 3965 nen
338 3902 494 3979 demetam
517 3902 576 3965 hec
598 3913 710 3984 nempe
733 3912 861 3983 semper
876 3912 1077 3982 permanens
1100 3902 1213 3981 aufert
1233 3900 1335 3963 mala.

160 4023 274 4087 Verba
305 4019 378 4102 αἴρει
409 4021 494 4087 κακαὶ
524 4044 609 4104 quae
640 4023 750 4085 multis
773 4032 926 4104 suspecta
950 4030 1034 4093 sunt,
1059 4041 1139 4083 sana
1163 4020 1239 4083 mihi
1264 4042 1337 4086 esse

159 4143 322 4207 videntur.
366 4144 479 4208 Verbo
503 4141 592 4222 αἴρειν
617 4165 678 4227 pro
703 4141 840 4223 απαύρειν
865 4143 1057 4206 Plutarchus
1081 4144 1215 4225 proprio
1238 4164 1335 4206 sensu

162 4287 239 4329 usus
274 4274 337 4342 est;
372 4266 426 4349 (de
460 4267 582 4329 tuenda
612 4266 751 4329 sanitate
782 4286 815 4347 p.
848 4267 910 4345 383
944 4262 1077 4342 ἀρθείσης
1103 4271 1160 4338 τῆς
1182 4260 1338 4341 τραπέζης

160 4388 288 4452 sublata
315 4409 438 4451 mensa.
470 4387 511 4451 cl.
543 4389 642 4450 etiam
672 4387 755 4451 Plut.
787 4385 942 4468 Sympos.
976 4385 1052 4449 Vll.
1083 4404 1114 4464 4.
1144 4402 1156 4447 1
1185 4386 1240 4448 ubi
1263 4405 1338 4467 pro-
