3234 5040
780 401 839 465 Vl.

260 587 373 656 Schol.
397 590 441 653 ad
463 588 568 674 Soph.
591 588 684 652 Aiac.
708 589 749 670 63
755 603 771 670 5
797 589 829 652 οὐ
852 585 936 664 λέγει
952 585 985 651 δὲ
1001 583 1046 651 ὅτι
1062 583 1241 651 ὅταναύτόν
1254 584 1386 660 πύθηται

215 709 472 784 τετελευτηκότα.
518 711 731 793 Legendum:
754 709 786 773 οὐ
808 706 893 785 λέγει
909 707 942 773 δὲ
966 705 1024 772 ἔτι
1047 715 1176 772 νοσεῖν
1198 704 1272 772 ὅταν
1289 721 1388 779 aaa,

765 904 837 967 VH.

260 1061 376 1125 Horat.
400 1059 470 1126 Sat.
493 1061 519 1124 Ι.
542 1060 573 1124 6.
603 1077 640 1124 12
664 1081 736 1144 sqq.

328 1183 452 1247 Contra
474 1184 668 1258 Laevinum,
691 1181 804 1245 Valeri
827 1202 942 1265 genus,
965 1180 1053 1244 unde
1076 1178 1247 1263 Superbus

328 1305 523 1389 Tarquinius
545 1325 647 1389 regno
670 1303 782 1389 pulsus
804 1304 897 1388 fugit,
921 1304 1015 1366 unius
1039 1304 1119 1366 assis

329 1449 395 1492 non
419 1448 563 1510 unquam
585 1429 691 1510 pretio
714 1426 813 1510 pluris
835 1426 976 1501 licuisse,
1000 1435 1136 1490 notante

328 1548 436 1613 iudice
459 1569 525 1631 quo
548 1549 633 1612 nosti
656 1548 790 1631 populo,
814 1549 871 1631 qui
893 1548 1011 1612 stultus
1034 1548 1177 1610 honores

329 1691 429 1755 saepe
452 1671 510 1734 dat
533 1670 674 1754 indignis
697 1680 731 1734 et
752 1669 859 1733 lamae
882 1671 984 1733 servit
1005 1670 1136 1752 ineptus

329 1794 386 1876 qui
408 1801 517 1874 stupet
539 1794 572 1856 in
594 1792 695 1855 titulis
719 1800 752 1855 et
775 1791 983 1874 imaginibus.
1006 1791 1085 1873 quid
1108 1798 1239 1875 oportet

328 1935 389 1979 nos
412 1914 518 1978 facere
541 1935 561 1978 a
583 1915 683 1998 volgo
705 1916 804 1997 longe
827 1916 994 1997 longeque
1017 1911 1185 1976 remotos?

263 2036 366 2100 Recte
377 2035 536 2100 Dziatzko
548 2036 676 2119 (Rhein.
687 2036 768 2099 Mus.
783 2035 889 2098 XXV.
897 2056 930 2117 p.
941 2048 1001 2116 315
1016 2036 1099 2118 sqq.)
1112 2035 1158 2097 sic
1170 2033 1389 2116 interpungit:

219 2178 268 2225 vs.
296 2176 336 2236 14
365 2178 432 2221 non
464 2177 605 2240 unquam
636 2158 741 2241 pretio
771 2155 872 2239 pluris
898 2156 1035 2220 licuisse.
1059 2165 1195 2219 notante
1218 2175 1246 2218 e.
1263 2174 1295 2236 q.
1313 2175 1338 2218 s.
1356 2163 1391 2217 et

220 2299 267 2342 vs.
296 2294 333 2361 17
357 2278 412 2362 qui
435 2287 545 2361 stupet
567 2279 600 2341 in
622 2278 723 2341 titulis
743 2285 777 2341 et
791 2278 1000 2361 imaginibus,
1016 2277 1095 2360 quid
1110 2284 1241 2360 oportet
1264 2296 1292 2339 e.
1310 2296 1342 2358 q.
1362 2296 1389 2338 s.

758 2471 850 2535 VllI.

263 2625 438 2708 Perperam
468 2626 634 2709 Kiessling
663 2627 706 2690 ad
729 2627 810 2690 Hor.
835 2625 903 2691 Sat.
928 2626 953 2688 l.
976 2627 1008 2690 6.
1037 2643 1077 2705 14
1099 2626 1251 2690 adnotat:
1275 2626 1384 2706 pretio

220 2749 266 2812 ist
290 2746 426 2811 Ablativ
456 2748 514 2811 des
542 2747 674 2811 Masses
702 2749 780 2811 oder
804 2747 861 2811 des
882 2747 1041 2832 Betrages
1063 2768 1119 2812 um
1141 2747 1282 2811 walchen
1305 2747 1387 2812 Lae·

222 2869 320 2934 vinus
341 2867 437 2932 Preis
458 2867 548 2932 nicht
562 2869 740 2953 gestetgrert
760 2871 893 2933 worden
916 2870 968 2934 ist.

776 3064 833 3128 IX.

268 3210 376 3276 Schol.
407 3213 449 3276 ad
480 3213 613 3278 Terent.
637 3213 770 3278 Phorm.
793 3214 824 3281 6.
871 3213 917 3279 Et
938 3213 1055 3277 callide
1086 3214 1222 3276 errori
1253 3233 1392 3296 repre·

222 3333 453 3398 hendentis
486 3334 544 3398 sed
573 3336 672 3400 etiam
702 3337 853 3419 imperite
882 3337 1024 3401 scribere
1054 3336 1198 3399 ostendit
1228 3335 1384 3399 Luscium

222 3455 438 3519 Lanuuinum.

268 3577 374 3660 Lege:
406 3586 440 3642 et
461 3577 577 3641 callide
600 3598 667 3641 non
689 3579 790 3642 modo
821 3599 962 3644 errare
992 3578 1392 3662 reprehendentem

223 3720 253 3764 e.
277 3720 309 3782 q.
332 3721 358 3764 s.

790 3847 833 3910 X.

268 3995 377 4062 Schol.
393 4000 437 4063 ad
453 3999 585 4063 Terent.
601 4000 751 4064 Eunuch.
763 4000 830 4079 426
840 4000 905 4064 Vel
916 4000 1006 4083 quod
1019 3999 1107 4066 illum
1130 4001 1191 4064 sic
1214 4000 1389 4084 fugiant

222 4138 336 4182 omnes
359 4122 609 4197 constituat,
634 4130 670 4185 ut
691 4122 778 4186 hunc
801 4121 903 4186 libido
926 4121 1138 4187 effeminata.

268 4239 377 4324 Lege:
411 4240 464 4306 vel
497 4244 586 4325 quod
620 4242 712 4306 illum
748 4245 928 4310 sectari
966 4244 1228 4328 fugientem
1271 4263 1388 4308 omnes

224 4370 428 4427 constat.
