3234 5040
219 440 261 506 54
523 424 756 503 παραλλάττειν
781 460 823 472 -
848 441 1076 502 παρεκτρέπειν.

260 609 312 672 Ex
328 610 435 693 priore
451 630 549 672 sensu
566 617 643 672 nata
659 617 709 672 est
724 610 815 695 notio
838 610 1162 690 praetereundi,
1186 608 1391 694 cfiXenoph.

216 729 346 794 Hellen.
370 732 412 795 V.
441 746 468 792 1.
497 748 534 792 12
559 728 629 793 ἐπεὶ
650 727 683 792 δὲ
708 727 918 809 παρήλλαξαν
941 729 998 803 τὴν
1020 729 1149 810 ἐνέδραν.

260 851 375 948 Altera
408 850 602 934 significatio
630 850 697 913 iere
728 872 864 934 semper
893 852 1050 915 translate
1081 852 1251 934 reperitur.
1298 853 1393 916 Unus

216 981 325 1035 exstat
347 971 440 1035 locus
462 974 551 1066 apud
577 973 785 1036 Herodotum
809 974 864 1036 ubi
884 974 1016 1056 propria
1032 972 1064 1035 vi
1080 973 1273 1037 adhibetur:
1290 972 1393 1050 ῖλῖνον

216 1099 272 1167 τοῖς
297 1091 398 1173 χώρας
422 1090 688 1174 παραλλάξαντες
713 1130 753 1141 -
770 1095 961 1176 paullulum
985 1116 1007 1158 a
1031 1095 1095 1158 laco
1119 1095 1317 1159 aberrantes.

260 1213 491 1279 Translate
530 1216 678 1278 adhibita
714 1217 805 1278 notio
842 1216 1044 1279 abscedendi
1079 1216 1159 1279 abiit
1192 1217 1225 1279 in
1259 1218 1392 1279 sensum

216 1337 505 1419 discrepandi,
539 1339 782 1401 disserendi
815 1358 844 1400 e.
874 1360 904 1421 g.
938 1338 1017 1400 Plat.
1049 1338 1156 1421 Legg.
1186 1337 1258 1400 Xll.
1292 1337 1393 1419 957b

217 1453 273 1520 ὅσα
297 1456 516 1536 παραλλάττει
539 1463 600 1522 τῶν
623 1458 653 1521 ε’ν
675 1463 746 1529 ταῖς
768 1459 886 1531 άλλαῖς
909 1457 1017 1522 πόλεσι
1042 1457 1173 1522 δικαίων.

262 1576 413 1659 Denique
449 1600 550 1661 saepe
582 1580 721 1642 occurrit
755 1576 1058 1658 παραλλάττειν-
1082 1579 1237 1643 aberrare
1268 1601 1289 1643 a
1312 1600 1393 1643 vera

217 1698 284 1770 via,
309 1697 389 1761 Plat.
415 1699 553 1764 Theaet.
582 1718 678 1781 194a
702 1695 758 1764 οἷον
780 1697 909 1776 τοξόταν
933 1704 1053 1780 Φαῦλον
1077 1699 1170 1775 ἱέντα,
1188 1697 1393 1781 παραλλάξαι

218 1822 270 1882 τοῦ
295 1823 407 1883 σκοποῦ
430 1820 483 1884 καὶ
506 1820 667 1902 άριαρτεῖν.
713 1822 909 1905 Plerumque
933 1823 975 1886 de
999 1843 1039 1886 eo
1063 1823 1118 1905 qui
1143 1844 1163 1886 a
1186 1844 1265 1887 sana
1283 1832 1392 1886 mente

218 1940 388 2015 aberravit,
413 1943 565 2006 absolute
589 1943 670 2007 Plat.
695 1943 782 2006 Tim.
809 1960 848 2024 27
866 1966 883 2006 ο
901 1944 926 2007 el
943 1944 987 2021 μὴ
1007 1941 1193 2007 παντάπασι
1210 1941 1394 2024 παραλλάτ-

218 2084 321 2139 τσριεν.
368 2061 423 2127 Sic
456 2065 544 2147 apud
575 2074 720 2127 nostrum
752 2086 895 2148 quoque,
927 2067 982 2147 qui
1014 2066 1117 2129 semel
1149 2086 1226 2128 usus
1257 2075 1307 2129 est
1329 2066 1393 2129 hoc

219 2185 332 2258 verbu,
358 2184 492 2267 Hippol.
518 2203 583 2266 934
607 2207 654 2267 sq.
673 2184 718 2249 σοὶ
735 2187 795 2266 γάρ
812 2185 1021 2260 ε’κπλήσσοοσί
1035 2185 1097 2274 usli
1108 2185 1194 2262 λάροι
1212 2183 1395 2266 παραλλάσ-

219 2326 322 2376 σοντες
338 2302 449 2386 ἔξεδροι
466 2309 580 2386 Φρενῶν
593 2345 632 2354 -
647 2318 705 2370 tua
721 2309 807 2370 enim
823 2308 923 2372 verba
931 2308 1113 2389 percellunt
1125 2330 1186 2382 me,
1202 2307 1394 2370 aberrantia

219 2436 318 2509 alque
340 2438 464 2491 ramata
487 2450 509 2491 a
531 2450 617 2492 sana
636 2439 749 2491 mente.
797 2427 967 2492 Genitivus
984 2432 1095 2508 Φρενῶν
1111 2450 1178 2491 non
1195 2427 1303 2491 solum
1319 2448 1394 2491 cum

221 2546 332 2628 ἔξεδροι
368 2550 426 2612 sed
462 2552 563 2613 etiam
600 2571 674 2613 cum
711 2549 987 2630 παραλλάσσοντες
1020 2551 1286 2633 coniungendum
1322 2570 1394 2613 esse

220 2673 453 2751 praecedentia
477 2673 630 2754 exempla
655 2692 714 2735 nos
737 2672 868 2735 docent.

268 2863 495 2943 παρεκτρέπειν.

266 3031 414 3116 Supplic.
452 3051 535 3097 1110
564 3057 612 3118 sq.
647 3033 780 3115 βροτοῖσι
807 3033 859 3098 καὶ
885 3034 1079 3098 acuatacuat}
1104 3032 1312 3120 αανεύαασιΙΙ
1326 3056 1400 3112 παρ-

222 3154 418 3233 εκτρέποντες
441 3155 551 3236 ὀχετὸν
573 3152 652 3219 ὥστε
675 3156 720 3232 αὴ
745 3156 839 3219 θανεῖν
863 3193 905 3204 -
928 3157 1097 3220 esculentis
1119 3167 1152 3219 et
1166 3154 1353 3239 patianibus
1370 3166 1404 3219 et

222 3272 360 3355 magicis
382 3273 510 3334 artibus
532 3283 714 3336 avertentes
730 3274 818 3337 vz'tae
834 3294 965 3336 cursum
981 3294 1020 3336 ne
1032 3274 1226 3336 moriantur.
1274 3275 1304 3336 N
1307 3284 1400 3340 otatu

222 3393 358 3476 dignum
382 3404 432 3456 est
448 3394 649 3476 Euripidem,
667 3404 703 3458 ut
718 3396 856 3468 videtur,
873 3394 937 3457 hoc
955 3395 1209 3476 bicompositum
1226 3395 1398 3462 formasse.

222 3515 324 3597 Apud
348 3516 556 3579 Herodotum
581 3513 787 3595 παρατρέπειν
811 3516 971 3580 habemus
994 3517 1127 3597 propria
1149 3517 1400 3600 significatione,

223 3638 298 3700 Vll.
337 3641 396 3701 128
431 3637 677 3717 παρατρέψαντα
707 3636 792 3716 ἑτέρρ
820 3636 850 3709 ἐς
876 3635 1035 3701 θάλασσαν
1059 3637 1109 3701 τὸν
1134 3638 1296 3716 ποτααάν;
1320 3641 1402 3703 item

224 3761 313 3843 apud
346 3760 577 3842 Thucydidem
609 3759 632 3821 I.
669 3776 740 3840 109.
788 3758 935 3821 Verbum
968 3758 1120 3838 ἐκτρέπειν
1147 3762 1279 3843 proprio
1304 3782 1402 3825 sensu

223 3881 360 3944 adhibet
382 3881 596 3964 Thucydides
620 3883 661 3945 V.
686 3882 739 3961 65,
764 3880 798 3944 τὸ
815 3877 890 3959 ὕδωρ
907 3878 1065 3960 ἐξέτρεπεν
1082 3881 1113 3953 ἐς
1128 3883 1185 3955 τὴν
1200 3881 1400 3958 Μαντινικήν,

224 4003 379 4066 translate
403 4004 469 4067 iam
490 4004 688 4085 Aeschylus,
706 4003 825 4086 Agam.
849 4001 932 4082 1436
948 4001 1197 4080 turpilianum
1213 4002 1254 4074 εἰς
1270 4001 1402 4076 Ἑλένην.

224 4125 278 4187 Ex
300 4124 350 4188 his
374 4127 504 4189 duobus
527 4127 636 4189 verbis
661 4125 835 4206 Euripides
860 4121 1077 4202 παρεκτρέπειν
1094 4124 1288 4204 composuit.
1336 4125 1403 4188 Hic

225 4267 357 4328 quoque
381 4245 467 4325 παρά
490 4249 612 4310 indicat
636 4249 816 4310 motionem
833 4247 875 4309 de
892 4255 981 4308 recta
997 4247 1068 4308 via:
1086 4256 1232 4308 auertere
1246 4255 1423 4332 conantur·

223 4368 312 4431 vitae
334 4389 464 4431 cursum
487 4389 531 4431 ex
552 4390 586 4431 eo
610 4369 703 4432 alvea
728 4390 822 4452 quem
846 4379 968 4431 natura
991 4368 1164 4431 constituit.
1210 4368 1289 4431 Post
1311 4367 1405 4432 Euri·
