3234 5040
617 1237 837 1312 curui*
874 1214 994 1312 νιίι.

426 1439 630 1522 Praepositio
653 1434 740 1518 παρό
763 1437 887 1502 indicat
907 1437 1062 1502 actionem
1084 1436 1181 1501 verbo

604 1571 794 1644 expressam
816 1559 904 1623 male
915 1559 1007 1643 fieri.

714 1767 908 1778 —————

262 1927 371 1990 Primo
387 1927 495 2009 capite
513 1926 654 1989 vidimus
672 1923 757 2004 παρό
772 1925 881 1988 verbis
898 1931 1025 1986 motum
1039 1923 1072 1985 in
1088 1922 1163 1986 loco
1178 1930 1236 1986 aut
1248 1922 1394 2004 quietem

219 2049 468 2132 designantibus
498 2049 687 2113 adiunctum
718 2047 861 2111 indicare
891 2066 990 2129 posse
1020 2046 1185 2109 actionem
1214 2044 1317 2109 verbo
1341 2064 1398 2107 ex·

219 2192 368 2255 pressam
402 2172 494 2235 iuxta
516 2169 594 2233 fieri.
640 2169 693 2233 Ex
721 2170 783 2233 hac
805 2171 940 2233 notione
964 2168 1132 2252 paullatim
1155 2167 1218 2230 alia
1241 2167 1396 2240 manavit,

220 2313 340 2376 nempe
374 2293 494 2355 iuxta
528 2312 646 2355 suum
680 2291 829 2367 locum,
865 2289 951 2370 παρὰ
984 2289 1020 2354 τό
1055 2285 1149 2352 καλόν
1182 2289 1201 2350 i.
1220 2308 1248 2352 e.
1284 2290 1396 2358 κακῶς.

220 2414 405 2495 Sequantur
428 2414 529 2476 verba
551 2413 584 2476 in
607 2413 728 2495 quibus
752 2410 836 2492 παρό
858 2411 944 2475 hanc
965 2413 1034 2475 vim
1058 2410 1168 2473 habet

265 2589 488 2670 παρακόπτειν.

264 2757 435 2842 Significat
449 2761 588 2824 verbum
604 2758 815 2840 παρακόπτειν
830 2770 865 2823 ut
882 2758 1069 2840 παραπαίειν
1084 2778 1163 2822 non
1187 2778 1231 2820 su
1242 2777 1263 2820 ο
1286 2756 1393 2831 loco,

220 2902 445 2966 perperam
477 2883 663 2965 pulsare.

268 3021 294 3067 1.
341 3003 505 3069 Absolute
535 3014 708 3089 usurpatur
733 3005 776 3069 de
800 3026 841 3070 eo
864 3006 919 3087 qui
941 3007 1105 3068 incassum
1128 3001 1219 3078 lerit3
1243 3000 1332 3064 unde
1355 3000 1388 3061 in

219 3126 407 3188 universum
435 3123 524 3188 valet
553 3125 752 3199 delirare,
785 3146 814 3188 e.
831 3146 863 3208 g.
894 3126 977 3189 Plut.
1001 3125 1116 3189 Moral.
1140 3146 1173 3208 p.
1201 3138 1283 3202 1123
1309 3121 1336 3182 F
1359 3120 1391 3183 οὐ

220 3243 484 3325 παρακόπτοντες,
507 3245 595 3310 ἀλλὰ
618 3246 764 3328 νήφοντες
785 3246 839 3312 καὶ
864 3246 1055 3325 ὑγιαίνοντες.

264 3473 294 3519 2.
341 3453 400 3518 Sin
430 3465 539 3520 autem
569 3458 738 3520 transitive
765 3458 937 3522 adhibetur
959 3460 1096 3523 verbum
1121 3452 1334 3536 παρακόπτειν
1359 3463 1394 3516 ut

219 3579 401 3642 indicemus
435 3578 577 3660 aliquem
611 3579 661 3644 de
697 3579 914 3642 industria
947 3600 1172 3663 perperam
1206 3578 1393 3662 pulsare,

219 3700 330 3763 variae
354 3699 502 3763 oriuntur
524 3701 686 3764 notiones.
732 3698 826 3764 Tunc
849 3700 1029 3784 significat:

263 3922 294 3970 u.
318 3905 379 3969 Ita
407 3905 584 3988 pulsare
607 3905 794 3988 aliquem
817 3917 860 3971 ut
883 3907 1053 3971 delirat.
1079 3907 1325 3993 Hippolyt237
1338 3927 1388 3988 sq.

218 4022 301 4100 όστις
338 4050 373 4091 σε
403 4027 481 4092 όεῶν
501 4024 776 4115 όνασειρόζειΗκα)
809 4028 1004 4110 παρακόπτει
1039 4028 1165 4111 Φρένας,
1200 4024 1221 4093 ὦ
1257 4035 1320 4092 παῖ
1349 4064 1393 4076 -

218 4148 374 4230 quisnam
396 4150 529 4213 deorum
552 4160 583 4212 te
596 4151 698 4230 freno
719 4161 866 4214 recurvet
878 4161 1078 4234 mentemque
1085 4153 1253 4234 pervertet,
1271 4173 1290 4213 0
1296 4150 1388 4234 filia.

218 4267 369 4352 Simplex
402 4268 528 4334 κόπτειν
560 4272 627 4334 iam
658 4271 720 4335 hac
750 4274 884 4336 notione
913 4274 1099 4356 praeditum
1130 4275 1270 4337 occurrit
1301 4273 1390 4355 apud

219 4389 432 4472 Aeschylum,
463 4391 585 4475 Agam.
616 4406 692 4473 472,
723 4396 835 4472 Φρενῶν
864 4393 1049 4471 κεκομμένος
1075 4431 1120 4443 -
1142 4403 1246 4458 mente
1267 4404 1391 4477 captus.
