3232 5040
648 448 860 529 παραιτεῖσθαι
1299 466 1343 534 47

169 646 324 701 exoratur
353 636 519 720 coniungi.
564 634 656 720 Apta
686 656 772 719 quae
799 634 1008 699 conserantur
1030 636 1132 700 verba
1156 645 1232 699 sunt
1255 656 1340 719 quae

170 757 242 822 Rau
263 759 306 823 de
322 758 384 822 hac
399 780 433 822 re
449 757 527 822 iecit
542 757 696 842 (Studien
712 778 768 820 zur
783 755 1016 820 Griechischen
1031 757 1098 820 und
1115 757 1343 822 Lateinischen

170 879 387 953 Grammatik‚
422 878 462 945 G.
493 879 624 944 Curtius
658 880 716 944 111.
751 900 783 962 p.
816 880 886 963 92):
921 879 1004 944 Cum
1034 879 1225 960 saepissime
1254 881 1348 962 apud

168 1002 304 1083 optims
335 1002 506 1084 scriptores
540 1001 635 1065 otreio
669 1023 699 1065 τι
736 999 822 1080 παρα
852 1021 930 1071 τινος
957 1000 1113 1082 scriptum
1139 1001 1344 1083 reperiamus

168 1121 330 1205 (Xenoph.
355 1121 481 1186 Oecon.
506 1121 547 1184 Il.
576 1123 637 1206 15),
654 1121 714 1186 vix
729 1121 878 1186 dubitari
883 1120 1006 1203 poterit
1020 1121 1100 1204 quin
1114 1123 1215 1185 etiam
1232 1143 1343 1202 παραι·

168 1240 284 1306 reiciat
311 1263 390 1315 τινος
416 1254 478 1325 pro
507 1241 656 1307 αἰτεῖσθαι
687 1239 772 1323 παρα
802 1264 880 1313 τινος
902 1243 1023 1307 dictum
1045 1243 1100 1316 sit,
1129 1264 1341 1326 quamquam,

168 1385 240 1428 cum
263 1365 464 1447 praepositio
494 1363 704 1429 immobiliter
732 1364 833 1447 quasi
863 1363 962 1428 verbo
983 1364 1087 1448 affixa
1109 1363 1162 1437 sit,
1186 1386 1249 1428 non
1270 1386 1342 1429 cum

162 1485 311 1569 genitivo
334 1485 394 1548 sed
412 1505 478 1549 cum
501 1486 684 1550 accusativo
706 1485 840 1549 verbum
863 1485 1079 1568 coniungitur.
1127 1483 1223 1568 Quae
1239 1487 1340 1550 verba

168 1618 281 1672 nostro
306 1607 486 1690 Euripideo
508 1608 583 1672 loco
606 1607 820 1691 corriguntur.
867 1607 969 1670 Recte
993 1606 1130 1671 adnotat
1149 1606 1341 1672 scholiastes

168 1730 211 1794 ad
235 1730 388 1793 Medeam
416 1743 494 1811 1151
522 1750 593 1813 sqq.
618 1728 705 1809 arpis
727 1730 781 1793 τοῦ
804 1728 921 1808 πατρὸς
944 1727 1073 1802 αἰτήσει.

212 1971 245 2037 Ι).
292 1970 524 2035 Omittitur
553 1991 677 2035 casus
707 1989 923 2053 personae
953 1990 1039 2053 quae
1070 1980 1224 2035 exoratur
1251 1971 1339 2055 apud

166 2101 314 2155 nostrum
346 2093 444 2156 Herc.
477 2093 552 2155 Fur.
584 2109 647 2173 302
678 2112 728 2175 sq.
761 2090 816 2166 ἤδη
848 2089 876 2154 δ’
901 2091 1009 2167 ἐσῆλθε
1034 2093 1070 2169 μ’
1094 2092 1119 2155 εἰ
1141 2091 1340 2172 παραιτησαί-

166 2211 389 2300 μεθαηφννίις
419 2211 529 2277 τέκνων
560 2210 649 2277 τῶνδ’
680 2250 720 2260 -
751 2214 813 2277 sed
831 2213 919 2277 mihi
939 2214 1009 2277 iam
1031 2212 1177 2276 venitin
1199 2223 1336 2276 mentem

164 2336 198 2399 si
224 2334 423 2417 deprecando
453 2335 702 2418 impetraremus
731 2335 868 2399 exilium
891 2335 1065 2399 liberorum
1087 2333 1215 2397 horum.
1261 2331 1338 2416 Quo

165 2455 239 2520 loco
270 2456 470 2520 Wecklinius
500 2453 600 2529 τῶνδ’,
633 2475 719 2538 quae
750 2466 801 2520 est
831 2457 929 2520 lectio
956 2457 1118 2530 codicum,
1143 2456 1281 2519 mutavit
1304 2457 1337 2519 in

164 2575 265 2655 τόνδ’;
290 2577 379 2641 nulla
402 2579 607 2642 necessitate.
632 2578 723 2641 Luce
746 2578 864 2641 clarius
886 2586 935 2641 est
950 2578 1117 2641 neminem
1134 2578 1194 2640 nisi
1210 2578 1339 2660 Lycum

165 2720 301 2764 exorare
324 2700 512 2782 Megaram
535 2709 707 2782 praeterea
731 2699 944 2778 παραιτεῖσθαι
960 2701 1080 2762 omissa
1095 2718 1236 2782 persona
1254 2718 1339 2782 quae

164 2830 319 2885 exoratur
340 2820 430 2903 apud
452 2821 624 2885 Platonem
648 2841 782 2904 quoque
805 2821 976 2894 habemus,
996 2818 1114 2884 Critias
1134 2835 1195 2902 107
1212 2821 1247 2886 A
1265 2813 1335 2886 olio

165 2943 346 3027 παραίτησιν
369 2941 536 3026 φιλότιμον
559 2941 682 3021 μέλλων
707 2943 929 3023 παραιτεῖσθαι.

208 3203 235 3253 a
280 3186 408 3250 Deinde
431 3194 467 3249 ut
485 3185 575 3268 apud
591 3185 682 3260 alios,
702 3186 915 3266 παραιτεῖσθαι
929 3185 1018 3267 apud
1033 3185 1224 3270 Euripidem
1248 3207 1336 3250 cum

163 3309 326 3372 duobus
349 3306 619 3371 accusativis
640 3306 804 3370 invenitur
826 3304 931 3391 Iphig.
954 3304 1111 3386 Au1.685
1131 3302 1338 3385 σὲδὲπαραι-

162 3432 276 3507 roiam
298 3425 376 3492 τάδε
398 3463 442 3478 -
464 3438 495 3492 te
516 3439 626 3492 autem
649 3426 708 3490 hoc
728 3449 795 3491 oro.

208 3552 283 3615 Huc
313 3571 417 3633 usque
442 3549 534 3614 locos
556 3549 690 3624 contuli,
715 3549 771 3613 ubi
797 3549 1008 3630 παραιτεῖσθαι
1031 3547 1191 3633 significat
1213 3568 1336 3612 orare

163 3682 207 3737 ut
237 3671 403 3754 aliquid
433 3692 453 3736 a
483 3681 524 3736 te
552 3669 651 3755 (rapio
675 3673 738 3755 σοῦ)
765 3672 815 3735 ad
846 3692 906 3735 me
937 3671 1091 3746 veniat,
1115 3691 1201 3735 nunc
1224 3677 1335 3733 autem

163 3794 348 3859 videbimus
378 3793 571 3876 Euripidem
602 3795 686 3857 sicut
717 3792 770 3856 alii
801 3792 949 3856 iecerunt
978 3790 1042 3855 hoc
1065 3792 1203 3856 verbum
1234 3791 1335 3856 etiam

161 3915 350 3980 adhibuisse
373 3936 414 3980 ea
436 3916 569 3980 notione
592 3935 657 3998 qua
680 3914 798 3978 Latine
822 3913 997 3978 adhibetur
1012 3914 1149 3977 verbum
1165 3913 1334 3996 deprecari

161 4057 225 4103 sc.:
250 4046 293 4102 ut
323 4035 489 4120 aliquid
519 4055 540 4100 a
571 4055 633 4100 me
664 4036 749 4119 (παρ’
774 4033 858 4117 ἐμοῦ)
888 4034 1012 4099 absit.

206 4160 282 4224 Hoc
309 4179 407 4222 sensu
437 4157 621 4241 praeditum
654 4155 870 4236 παραιτεῖσθαι
892 4156 1033 4220 occurrit
1056 4154 1221 4220 Heraclid.
1250 4153 1334 4220 1026

160 4282 263 4356 κτεῖν’,
288 4280 319 4345 οὖ
343 4276 558 4359 παραιτοῦμαί
579 4301 613 4341 σε
636 4278 814 4351 -occide,
838 4298 901 4341 non
922 4279 1073 4359 deprecor
1094 4286 1133 4340 te.
1166 4275 1232 4360 Qui
1257 4297 1334 4340 usus

160 4403 286 4485 optime
309 4402 486 4466 illustratur
507 4400 582 4464 loco
604 4399 750 4465 Platonis
775 4398 932 4484 Respubl.
948 4421 981 4483 p.
1000 4400 1063 4483 387
1081 4395 1333 4480 παραιτησόμεθα
