3234 5040
663 1166 886 1239 CAPUT
921 1167 944 1238 l.

322 1363 525 1446 Praepositio
549 1361 635 1442 nopai
658 1364 693 1427 in
715 1366 942 1446 compositione
964 1366 1137 1430 verborum
1161 1365 1285 1430 indicat

402 1487 556 1550 actionem
580 1486 676 1549 uerbo
698 1496 887 1567 expressam
911 1487 1007 1550 iuxta
1030 1487 1180 1570 aliquam

481 1621 483 1626 '
569 1618 750 1689 personam
773 1619 832 1671 aut
854 1629 925 1670 rem
939 1609 1032 1691 fieri.

719 1829 914 1840 —--n

460 2005 483 2090 fi
506 2001 538 2074 1.
585 2003 704 2072 Verba
726 2005 882 2087 quietem
906 2005 1141 2088 designantia.

264 2163 410 2236 neptium.

262 2347 291 2393 a.
339 2329 459 2393 Usus
494 2331 768 2394 absolutus.

263 2483 412 2546 Verbum
424 2486 561 2559 neptium
573 2481 663 2563 apud
676 2481 868 2565 Euripidem
881 2482 1033 2546 absolute
1044 2490 1218 2564 usurpatur
1226 2479 1296 2541 sine
1305 2498 1394 2555 casu,

219 2614 254 2667 ut
276 2605 398 2667 indicet
420 2604 563 2685 aliquem
578 2614 636 2667 aut
658 2605 781 2686 aliquid
807 2605 952 2679 ,‚adesse,
976 2606 1025 2668 ad
1038 2625 1156 2667 manus
1172 2623 1251 2676 esse,
1263 2610 1396 2683 praesto

218 2726 318 2788 esse.’'
343 2725 481 2788 Interest
496 2724 618 2807 aliquid
634 2726 718 2788 inter
734 2720 806 2788 εἷνοον
823 2735 857 2788 et
873 2731 1020 2804 captivet.
1045 2724 1195 2807 Simplex
1213 2722 1394 2799 „existere”

218 2850 346 2904 tantum
377 2842 538 2924 designat,
570 2843 789 2924 compositum
820 2844 916 2905 simul
947 2842 1098 2915 deloco,
1124 2844 1178 2905 ubi
1203 2843 1319 2925 aliquis
1343 2842 1395 2905 vel

219 2965 341 3046 aliquid
365 2974 517 3036 moratur,
542 2964 680 3047 cogitari
704 2973 825 3027 monet.
873 2964 999 3027 Alcest.
1023 2981 1088 3043 423
1113 2985 1162 3046 sq.
1184 2961 1319 3044 adosare
1342 2961 1395 3026 nul

219 3083 359 3160 μένοντες
382 3082 736 3169 οὶντνχήσοοτεΙξποονοῖνοο
760 3084 802 3163 τῷ
826 3082 959 3147 adsultu
983 3082 1124 3164 οὶσνοόνδῳ
1149 3084 1200 3164 θεῷ
1226 3122 1264 3132 -
1287 3085 1398 3149 adeste

219 3219 251 3271 et
280 3218 445 3271 manentes
467 3217 533 3288 per
559 3207 646 3270 vices
668 3207 773 3269 canite
795 3205 934 3290 lugubre
956 3227 1087 3269 carmen
1110 3207 1307 3270 menorabili
1327 3208 1395 3270 deo.

220 3329 326 3412 Iphig.
350 3329 448 3392 Taur.
474 3344 538 3410 727
562 3349 611 3411 sq.
633 3327 742 3391 δέλτον
759 3327 816 3405 μὲν
831 3323 904 3391 aiis
921 3326 1078 3407 πολύθυροι
1096 3327 1279 3408 διαπτυχαί
1288 3326 1299 3412 ll
1311 3325 1396 3403 ξένον,

220 3447 354 3529 πάρεισιν
380 3487 418 3496 -
444 3450 629 3514 litterarum
660 3449 741 3513 lcaec
771 3450 963 3531 multiplicia
995 3452 1174 3522 volumina,
1204 3449 1397 3530 oltospites,

220 3571 347 3635 adsunt.
395 3571 570 3654 Hippolyt.
604 3571 669 3651 784
699 3569 733 3633 cl
754 3569 797 3644 t·;
821 3571 852 3634 οὐ
878 3567 996 3650 nuptui
1020 3569 1185 3651 πρόσπολοι
1208 3568 1339 3642 esurium
1356 3606 1397 3617 -

219 3690 294 3754 curi
325 3712 387 3754 non
417 3693 540 3755 adsunt
559 3693 692 3773 famuli
712 3692 864 3756 iuuenes?
910 3693 1045 3756 Hercul.
1072 3692 1148 3755 Fur.
1175 3709 1238 3773 319
1262 3713 1310 3774 sq.
1335 3689 1397 3755 ἰδοὺ

222 3809 367 3893 noioeane
391 3809 445 3887 ἥδε
469 3809 624 3894 <introitu
649 3811 871 3901 iipullneucsir,
896 3811 1128 3894 <porticalium
1145 3810 1398 3892 nlcpueo'cno-

220 3956 268 4007 en,
301 3937 396 3999 adest
416 3935 498 4000 ltaee
517 3937 630 3999 ceruix
652 3937 725 3999 ensi
746 3946 783 3999 ut
797 3947 980 4018 pungatur,
1002 3937 1168 4008 caedatur,
1194 3947 1231 3998 ut
1252 3936 1292 3998 de
1314 3955 1398 3998 saxo

202 4048 204 4058 ¹
220 4058 416 4120 deturbetur.
455 4056 637 4121 infinitivus
654 4059 889 4140 epexegeticus
905 4058 969 4120 hoc
985 4077 1051 4120 uno
1064 4057 1138 4120 loco
1152 4059 1240 4139 apud
1253 4066 1399 4120 nostrum

220 4197 295 4240 cum
325 4178 427 4241 verbo
459 4183 599 4257 nupeiuou
630 4180 851 4261 coniungitur.
898 4177 1168 4240 Wilamowitzius
1199 4177 1232 4239 iu
1256 4179 1400 4241 editione

220 4320 281 4363 sua
303 4300 457 4363 lacunam
480 4301 594 4363 statuit
616 4310 693 4382 post
716 4320 848 4363 versum
874 4316 947 4380 319.
994 4304 1106 4361 κεντεῖν
1123 4296 1205 4376 δέρην
1222 4298 1285 4361 dici
1302 4318 1400 4382 posse

1288 4432 1297 4467 i
