3234 5040
219 500 238 546 2
732 490 880 565 rapaton.

219 680 328 755 negat,
353 671 504 753 „einsacla
527 671 606 733 weil
627 691 706 733 man
721 671 815 733 einen
830 669 906 734 leals
922 671 983 733 mit
996 671 1070 734 dem
1085 670 1243 734 schwerte
1257 670 1396 745 ableout,

218 793 308 856 noent
328 791 537 856 durcleste'cht.
584 792 632 854 Es
645 791 740 872 fehlt
753 791 825 854 also
841 792 892 854 ein
908 812 983 855 vers
999 802 1085 855 elwa
1101 792 1161 854 der
1174 803 1247 856 art:
1262 790 1397 871 σοέρεσσι

218 913 319 991 μήτηρ
351 912 406 976 σὺν
429 911 570 976 τέκνοισιν
593 910 717 976 &alost
764 912 881 975 Melius
905 922 1015 975 autem
1040 914 1119 975 mihi
1142 933 1259 978 sanare
1281 914 1393 979 locum

218 1037 348 1099 videtur
371 1036 586 1098 Leeuwenius
601 1035 656 1116 (ad
672 1033 842 1116 Aristoph.
860 1033 974 1096 Nubes
990 1036 1066 1118 422)
1084 1026 1138 1117 qui
1155 1046 1251 1118 putat
1264 1058 1395 1102 versum

220 1174 285 1238 320
308 1159 488 1239 legendum
512 1176 584 1218 esse
609 1164 685 1238 post
708 1175 838 1217 versum
863 1170 945 1236 325:
970 1152 1078 1219 τᾶλλο
1102 1152 1152 1237 δ’ρῖ
1175 1158 1326 1238 σροέομος
1343 1152 1392 1247 εἴη

217 1284 340 1352 κεντεῖν,
365 1274 510 1359 Φονεύειν,
534 1275 606 1340 ἱένοιι
631 1274 746 1357 πέτρος
768 1271 855 1363 ι’έσοξῑ
868 1277 988 1355 πρᾶσσ·
1013 1279 1045 1340 οὐ
1069 1276 1130 1359 γὰρ
1153 1278 1252 1353 ἀλκὴν
1276 1276 1395 1360 ἔχομεν

218 1396 296 1462 ὥστε
319 1399 364 1474 μὴ
389 1399 421 1461 οὐ
446 1398 549 1461 έοινεῑν.

263 1519 462 1601 Saepissime
486 1520 692 1603 participium
717 1519 779 1582 hoc
804 1541 902 1583 sensu
920 1520 1094 1584 adhibetur
1109 1541 1129 1584 a
1146 1529 1276 1586 nostro:
1293 1522 1395 1587 Phoe·

218 1643 293 1704 niss.
311 1658 377 1721 909
401 1638 506 1717 βούλει
523 1638 672 1719 ποορένσος
688 1637 769 1715 iord
787 1663 830 1704 σοι
843 1638 952 1704 τούτου
965 1638 1093 1722 Φροέσοις
1111 1681 1144 1688 -
1160 1643 1214 1707 vis
1219 1655 1398 1724 praesente

218 1764 322 1845 egitur
354 1763 412 1826 hoc
443 1764 505 1826 tibi
535 1762 661 1827 droam?
707 1762 837 1826 Deinde
873 1762 986 1840 ποιριέν,
1019 1775 1054 1828 ut
1085 1765 1203 1828 Latine
1222 1778 1394 1847 praesens,

219 1905 279 1968 pro
309 1884 472 1947 adiectivo
503 1883 650 1955 habetur,
683 1883 857 1966 temporali
889 1904 1003 1946 sensu:
1035 1885 1203 1952 Phoeniss.
1236 1887 1321 1968 1196
1343 1909 1393 1972 sq.

219 2003 342 2086 σύρροον
385 2004 442 2081 μέν
483 1997 531 2067 οὗν
570 2012 629 2080 ria
663 2001 800 2084 ἔσχομεν
833 2004 1112 2094 κοισοισκοιφοιςῖρές
1145 2008 1202 2081 τὴν
1238 2012 1396 2087 ποιροῦσοιν

218 2127 332 2207 ἡμέριον
363 2164 407 2174 -
430 2127 572 2190 trerrium
604 2128 801 2190 eversionem
833 2129 938 2210 egrt'trer
966 2139 1074 2191 terrae
1097 2129 1330 2210 prohibuimus
1359 2132 1397 2196 in

218 2252 412 2316 hodiernum
435 2251 532 2314 diem.

264 2372 350 2454 σοέροι
367 2395 427 2456 pro
445 2370 575 2452 σοέρεσσι
591 2393 827 2455 nonnunquam
844 2381 1018 2455 usurpatur
1034 2372 1194 2447 absolute,
1210 2375 1281 2437 sine
1296 2394 1398 2438 casu:

220 2495 351 2559 Helena
373 2509 440 2572 420
463 2513 511 2574 sq.
537 2488 606 2554 οὔτε
621 2490 681 2571 γὰρ
698 2497 779 2561 σῖτος
795 2488 904 2577 σοέροιέρ
916 2488 978 2554 οὔτ’
995 2489 1085 2572 ἀμφὶ·
1102 2492 1200 2571 χρῶτ’
1218 2491 1340 2566 ἐσθῆτες
1351 2530 1396 2542 -

218 2615 429 2699 nequeenim
451 2613 541 2677 cibus
563 2615 665 2685 adest,
689 2634 791 2696 neque
813 2624 917 2677 vertes
940 2613 1024 2676 circa
1046 2624 1169 2695 corpus.
1215 2615 1251 2677 In
1275 2616 1395 2679 eadem

218 2738 390 2819 tragoedia
412 2755 459 2798 vs.
484 2734 550 2797 626
574 2756 622 2817 sq.
646 2733 659 2796 ὁ
683 2733 739 2810 μέν
764 2731 1051 2819 χρόνοςξὶσοιλοιιὸς,
1077 2736 1093 2806 ἡ
1118 2734 1151 2797 δὲ
1167 2735 1273 2815 τέρψις
1287 2734 1400 2814 ιἰρτέως

219 2854 305 2936 napa
336 2893 379 2903 -
413 2866 539 2937 tempas
573 2856 704 2937 quidem
738 2855 872 2937 longam
907 2865 988 2929 erat,
1024 2856 1176 2937 voluptas
1205 2878 1282 2920 vero
1312 2878 1399 2921 nuno

218 2981 319 3043 adest.
367 2978 441 3040 Hoc
466 2997 524 3038 usu
548 2975 722 3057 Euripides
745 2976 788 3038 ab
813 2976 883 3038 aliis
906 2997 973 3038 non
997 2976 1114 3039 differt.

264 3216 298 3282 b.
346 3215 455 3279 Cum
491 3214 659 3278 dativo
692 3219 829 3293 ποιρεῖνοιι
858 3213 1075 3295 coniungitur,
1100 3223 1136 3275 ut
1159 3214 1318 3277 indicetur
1340 3216 1398 3279 ali-

219 3359 320 3420 quem
351 3345 409 3400 aut
431 3336 555 3419 aliquid
578 3337 612 3399 in
636 3337 802 3399 vicinitate
825 3336 960 3398 alicuius
982 3356 1143 3418 personae
1167 3336 1219 3399 vel
1243 3338 1288 3400 rei
1312 3357 1396 3402 esse.

270 3477 296 3521 1.
343 3457 540 3522 Localis
575 3477 694 3520 usus.
727 3495 771 3503 —
803 3458 921 3520 Medea
957 3474 1037 3537 1053
1070 3479 1144 3541 sqq.
1176 3454 1233 3537 ὅσῳ
1266 3457 1299 3521 δὲ
1326 3459 1395 3546 {hirji

221 3579 303 3658 θέμις
325 3584 464 3660 οιοορεΐνοοι
487 3584 550 3650 τοῖς
574 3577 671 3656 ἐμοῖσι
695 3575 952 3666 θύμμσιν,έξοιύτῷ
977 3578 1106 3654 μελήσει
1131 3616 1169 3625 -
1195 3580 1249 3642 cui
1262 3582 1399 3661 nonfas

219 3713 269 3766 est
300 3704 414 3766 adesse
448 3702 529 3763 meis
561 3701 740 3784 sacrificiis,
776 3701 842 3781 ipsi
868 3721 965 3764 carae
995 3702 1066 3764 erit.
1114 3701 1242 3764 Eodem
1275 3703 1396 3766 modo:

220 3823 355 3887 Orestes
375 3839 434 3903 132
452 3842 500 3904 sq.
517 3818 585 3885 οἵδ’
603 3815 642 3885 οὗ
658 3818 777 3901 σοέρεισι
793 3828 856 3892 σοῖς
872 3820 953 3898 ἐμοῖς
970 3821 1133 3900 aaronem:
1144 3820 1155 3883 !
1167 3821 1258 3902 Φέλοιι
1274 3819 1400 3900 ξυνῳδοί

223 3984 260 3992 -
275 3967 392 4009 rursus
415 3946 539 4009 adsunt
561 3951 640 4007 meir
663 3945 816 4008 lamentis
830 3966 927 4008 carae
942 3945 1056 4007 sociae.
1104 3945 1257 4006 Nascitur
1273 3965 1315 4007 ex
1331 3943 1397 4007 hoc

221 4088 280 4131 usu
314 4066 510 4149 significatio
544 4065 698 4130 habendi.
735 4063 868 4145 σοέρεσσί
901 4064 955 4142 μοι’
986 4089 1016 4128 τι
1047 4102 1091 4113 -
1118 4066 1220 4128 habeo
1255 4066 1395 4146 aliquid

221 4188 458 4251 Andromache
481 4204 548 4267 939
571 4208 619 4268 sq.
644 4185 678 4248 τέ
698 4185 758 4266 reip
783 4210 824 4263 με
848 4195 926 4266 χρῆν
941 4186 951 4227 ¹
967 4186 1055 4250 πόσιν
1073 4184 1244 4268 φυλάσσειν
1261 4183 1279 4264 ᾗ
1295 4194 1397 4264 ποιρῆν

221 4307 293 4374 ὅσον
317 4307 394 4383 ἔδεις
413 4346 456 4356 -
479 4310 564 4393 quid
579 4310 665 4372 enirn
687 4309 852 4391 oportebat
874 4331 925 4372 me
939 4311 980 4373 de
995 4313 1114 4373 marato
1130 4331 1198 4371 esse
1212 4309 1396 4383 sollicitam,

220 4432 275 4496 cui
314 4432 457 4496 aderant
488 4432 603 4515 quibus
637 4442 716 4512 opus
750 4430 840 4494 erat?
893 4431 1035 4494 Alcestis
1076 4449 1117 4510 59
1156 4433 1249 4494 deofr’
1283 4428 1318 4491 οἷν
1355 4425 1399 4503 οἷς
