3234 5040
604 1231 1011 1307 PRAEFATIO.

713 1433 906 1443 μ*

264 1608 500 1673 Difficultatem
525 1610 558 1672 in
582 1612 830 1694 componendo,
852 1613 1096 1697 praecipueque
1120 1614 1153 1676 in
1168 1615 1316 1696 parando
1333 1615 1396 1678 hoc

221 1732 332 1796 libello
363 1743 519 1817 expertus
550 1755 624 1798 sum
656 1736 853 1799 contrariam
884 1737 915 1800 ei
945 1755 1011 1819 qua
1038 1735 1188 1800 laborare
1210 1734 1319 1800 solent
1341 1739 1395 1819 qui

220 1854 361 1937 primum
391 1857 475 1920 vires
506 1877 661 1921 exercere
691 1858 805 1922 volunt
835 1858 868 1921 in
900 1857 1127 1921 dissertatione
1157 1858 1332 1922 scribenda
1354 1858 1397 1923 de

220 1988 414 2061 argumento
449 1978 594 2063 linguam
628 1977 790 2044 Graecam
825 1988 1005 2063 spectante.
1053 1977 1137 2045 Cum
1174 1980 1273 2044 ceteri
1307 1982 1395 2044 enim

220 2099 357 2162 simulac
381 2101 543 2182 inquirere
567 2111 749 2185 coeperunt
773 2102 852 2184 quid
875 2103 910 2165 in
933 2110 1130 2186 argumento
1154 2121 1215 2166 suo
1237 2101 1303 2165 iam
1319 2110 1396 2166 ante

219 2221 261 2284 sit
276 2220 481 2286 elaboratum
498 2221 564 2287 fere
581 2223 760 2289 obruantur
777 2223 933 2288 librorum
947 2224 1109 2309 farragine
1121 2232 1155 2289 et
1167 2244 1248 2288 mox
1259 2224 1396 2288 timeant

219 2362 260 2406 ne
283 2343 362 2424 quid
385 2344 464 2406 novi
486 2343 537 2407 his
559 2343 719 2409 thesauris
741 2365 762 2408 a
784 2366 820 2409 se
844 2346 930 2409 adici
946 2353 1098 2430 nequeat,
1117 2365 1182 2429 ego
1198 2345 1241 2408 de
1257 2345 1288 2408 vi
1305 2364 1396 2428 prae·

218 2465 417 2546 positionum
449 2466 482 2527 in
511 2467 750 2548 compositione
774 2466 948 2530 verborum
973 2467 1061 2550 apud
1085 2466 1277 2549 Euripidem
1299 2468 1396 2548 scrip·

217 2594 309 2651 turus
331 2596 452 2652 terram
476 2587 545 2652 iere
568 2589 807 2672 inexploratam
830 2589 952 2653 inveni.

263 2709 358 2775 Licet
392 2711 479 2774 enim
512 2712 556 2775 de
592 2712 682 2776 vario
716 2711 998 2797 praepositionum
1033 2732 1110 2775 cum
1142 2711 1285 2775 nominis
1316 2732 1393 2777 casu

219 2833 466 2898 coniunctarum
500 2854 559 2898 usu
593 2835 683 2916 apud
715 2854 831 2900 omnes
862 2834 1108 2918 antiquissimos
1138 2835 1313 2918 scriptores
1343 2845 1395 2901 sat

220 2952 310 3018 multi
334 2954 506 3038 compositi
521 2957 586 3019 sint
601 2955 702 3020 libelli
718 2976 856 3038 quorum
872 2975 1029 3039 magnum
1041 2976 1212 3020 numerum
1225 2956 1396 3022 denuntiat

219 3075 356 3160 Montijn
387 3077 439 3161 (de
461 3076 741 3160 praepositionum
768 3098 829 3141 usu
852 3078 946 3159 apud
963 3078 1228 3160 Aristophanem,
1253 3077 1393 3160 Traject,

219 3197 261 3263 ad
293 3199 445 3265 Rhenum
480 3200 562 3283 1887
593 3221 626 3284 p.
650 3200 838 3283 Vlll-IX)
861 3199 903 3262 de
927 3199 1226 3284 praepositionibus
1250 3202 1283 3263 in
1305 3219 1394 3265 com·

218 3322 382 3403 positione
398 3322 574 3386 verborum
590 3321 771 3385 admodum
787 3341 861 3385 raro
876 3319 1000 3403 aliquid
1016 3321 1236 3406 conscriptum
1251 3323 1391 3405 repperi.

218 3442 296 3524 Quo
326 3444 447 3509 lactum
471 3452 522 3508 est
544 3453 580 3510 ut
601 3445 663 3527 ipsi
686 3445 847 3509 rationem
871 3451 971 3526 atque
993 3443 1080 3507 viam
1104 3452 1251 3508 nostram
1275 3443 1308 3508 in
1330 3442 1392 3507 hac

219 3587 254 3630 re
277 3567 551 3632 constituerimus.

264 3689 406 3753 Primum
429 3709 546 3754 omnes
566 3689 658 3754 locos
681 3689 737 3754 ubi
761 3689 863 3754 verba
886 3688 1069 3773 composita
1092 3689 1182 3769 apud
1199 3687 1390 3771 Euripidem

220 3822 402 3887 occurrunt,
434 3811 666 3896 exscripsimus
696 3809 888 3894 fragmentis
914 3810 1073 3894 neglectis
1095 3810 1171 3891 quia
1194 3829 1270 3874 cum
1294 3811 1394 3875 unde·

220 3935 334 4019 viginti
358 3934 487 3998 fabulae
510 3935 589 3998 satis
611 3953 767 4017 magnam
791 3934 922 4017 copiam
942 3930 1173 4015 exemplorum
1189 3929 1285 3994 nobis
1301 3949 1393 4013 prae-

220 4059 301 4132 buit,
325 4067 394 4123 tum
418 4078 437 4122 e
460 4056 653 4141 fragmentis
675 4076 776 4139 saepe
798 4055 906 4119 dubiis
921 4055 1056 4119 nimium
1073 4051 1202 4119 efficere
1218 4051 1392 4117 noluimus.

266 4177 318 4242 Ex
350 4187 422 4242 toto
456 4187 566 4242 autem
601 4197 739 4243 numero
773 4176 1055 4261 praepositionum
1089 4173 1178 4238 nulla
1211 4174 1302 4238 vario
1333 4195 1393 4238 usu

219 4301 411 4386 particulam
435 4299 522 4381 napo
544 4299 739 4382 superabat3
755 4320 853 4383 quam
869 4299 914 4364 ob
931 4319 1001 4362 rem
1017 4298 1101 4361 hanc
1118 4295 1393 4380 praepositionem

219 4425 426 4506 potissimum
449 4424 642 4507 delegimus.
689 4422 727 4484 ln
744 4431 856 4488 nostra
870 4422 1123 4506 investigatione
1140 4419 1226 4483 hunc
1242 4418 1391 4483 ordinem
