3234 5040
776 439 834 506 XI.

262 628 372 696 Schol.
404 631 448 694 ad
477 628 611 695 Terent.
643 629 790 714 Adelph.
826 646 890 711 423
916 627 984 692 Sed
1007 627 1054 690 sic
1078 623 1194 690 maluit
1218 624 1337 700 dicere,
1359 633 1395 690 ut

217 748 410 814 illudentem
432 749 476 814 de
498 770 559 814 sua
573 757 644 813 arte
673 748 858 814 fecisset
888 747 1009 832 Syrum
1024 755 1058 812 et
1072 747 1136 811 hac
1152 767 1186 810 re
1203 748 1395 812 ostenderet

219 871 297 935 nihil
320 873 363 936 ab
386 870 442 935 illo
465 872 530 935 dici
552 872 647 936 serio.
692 871 805 955 Lege:
831 871 1009 936 faceret.

767 1113 840 1176 XII.

261 1301 350 1366 Pers.
374 1299 441 1366 Sat.
466 1300 510 1364 V.
536 1317 553 1382 3
579 1299 690 1364 sabula
707 1320 765 1364 seu
781 1310 910 1364 moesto
926 1308 1067 1385 ponatur
1082 1299 1203 1363 hianda
1218 1297 1392 1382 tragoedo.

218 1421 409 1486 Reiicienda
432 1431 483 1486 est
504 1421 682 1505 explicatio
706 1442 737 1485 v.
761 1441 790 1485 c.
815 1421 999 1504 Nemethy:
1016 1431 1189 1504 ponatur:
1209 1420 1394 1504 apponitur,

218 1543 320 1626 quasi
338 1542 427 1607 cibus
448 1543 604 1620 conuiuis,
629 1542 824 1625 auftr'schen.

764 1781 851 1844 XIII.

264 1961 384 2027 Catulli
408 1983 539 2027 carmen
563 1963 672 2028 XLIX
694 1965 816 2028 ironice
839 1965 1067 2048 accipiendum
1091 1984 1165 2028 esse
1187 1982 1316 2027 censeo.

764 2190 854 2254 XIV.

267 2353 448 2434 Quomodo
479 2375 576 2439 reges
605 2356 746 2420 Romani
770 2359 871 2421 creati
894 2359 968 2434 sint,
992 2357 1109 2421 melius
1132 2357 1289 2422 traditum
1304 2363 1398 2420 extat

221 2476 310 2557 apud
334 2475 543 2560 Dionysium,
567 2498 667 2560 quam
690 2478 778 2563 apud
801 2478 931 2542 Livium
955 2486 989 2542 et
1012 2477 1218 2543 Ciceronem.

765 2715 840 2782 XV.

264 2882 466 2948 Faciendum
489 2894 540 2950 est
562 2906 638 2951 cum
662 2889 733 2950 viro
756 2886 797 2951 cl.
822 2887 861 2951 E.
887 2887 1004 2969 Meyer
1024 2887 1145 2951 dicenti
1168 2883 1315 2970 (Forsch.
1340 2903 1397 2947 zur

220 3003 308 3067 alten
347 3004 467 3070 Gesch.
492 3006 532 3069 ΙΙ.
557 3028 589 3090 p.
615 3009 708 3092 292):
747 3009 797 3074 Es
833 3008 879 3073 ist
912 3008 995 3073 ohne
1031 3008 1178 3072 weitms
1214 3004 1398 3090 suangeben

220 3123 300 3188 dass
338 3124 549 3209 Thukydides
581 3127 650 3192 sich
684 3128 727 3192 V.
753 3146 805 3210 39,
838 3147 868 3211 3.
892 3129 946 3209 46,
976 3146 995 3192 2
1027 3129 1118 3194 nicht
1140 3149 1253 3214 genau
1284 3147 1398 3211 ausge-

220 3245 336 3310 drr'ickt
355 3246 424 3311 hat.

763 3473 854 3537 XVI.

266 3648 303 3712 In
335 3651 573 3714 narrationibus
603 3652 789 3737 interempti
825 3653 1007 3738 Hipparchi
1038 3654 1154 3738 (Thuc.
1178 3653 1238 3718 VI.
1266 3653 1397 3734 54-60

222 3769 322 3834 Arist.
355 3769 499 3835 Πολιτεία
535 3789 586 3856 17,
621 3773 671 3857 18)
703 3777 806 3838 rnaior
832 3774 915 3840 fides
937 3777 1112 3841 tribuenda
1134 3783 1185 3840 est
1207 3774 1396 3859 Thucydidi

221 3912 321 3974 quam
345 3891 525 3958 Aristoteli.

756 4098 864 4163 XVII.

266 4258 429 4326 Herodot.
461 4260 503 4325 V.
536 4262 578 4343 56
607 4263 696 4337 τλῆθι
728 4263 825 4328 λέων
855 4261 982 4339 ἄτλητα
1006 4265 1109 4330 nediu
1130 4262 1278 4340 τετληότι
1303 4265 1395 4346 θυμῷ·

221 4381 433 4464 Legendum:
457 4379 542 4454 λεῶς.
