3234 5040
261 413 301 492 58
603 408 815 488 παραπίπτειν
838 446 882 457 -
907 406 1092 489 παρεξιέναι.

258 596 350 660 nobis
380 617 435 659 nec
464 596 684 660 morientibus.
730 596 814 659 Fere
841 596 960 658 eodem
983 616 1081 659 sensu
1104 598 1207 659 verbo
1235 594 1436 674 προσπίπτειν

258 718 358 780 utitur
394 726 494 799 poeta
524 716 645 780 Medea
676 732 737 797 225
772 715 839 792 ἐμοὶ
871 715 898 779 δ’
930 713 1067 779 ἄελπτον
1100 717 1236 795 πρᾶγμα
1268 719 1438 797 προσπεσὸν

258 835 331 901 τάδε
341 836 352 923 ll
363 838 473 917 ψυχὴν
489 834 655 917 διέφθαριί1
701 837 829 900 Tamen
846 840 980 900 interest
996 837 1117 919 aliquid
1135 839 1219 900 inter
1233 836 1438 915 προσπίπτειν

258 968 292 1023 et
323 958 544 1038 παραπίπτειν.
591 959 675 1023 Fere
704 981 872 1042 nunquam
903 961 936 1022 in
966 959 1209 1041 compositione
1235 960 1435 1043 primitivam

259 1082 325 1144 vim
349 1082 598 1163 praepositionis
624 1078 720 1160 παροί,
745 1103 809 1163 qua
826 1082 985 1143 indicatur
1001 1082 1165 1143 actionem
1183 1082 1274 1143 verbi
1292 1081 1334 1142 ad
1351 1081 1437 1143 latus

257 1211 315 1265 aut
338 1223 357 1264 a
381 1202 483 1265 latere
505 1202 642 1266 alicuius
665 1222 826 1283 personae
852 1201 930 1276 fieri,
947 1202 992 1265 ita
1008 1203 1135 1273 amittit,
1152 1211 1188 1263 ut
1203 1222 1276 1264 eam
1293 1201 1436 1283 reperire

258 1343 468 1406 nequeamus,
505 1323 577 1403 πρός
607 1345 686 1387 vero
717 1344 817 1406 saepe
847 1324 1000 1406 designat
1031 1332 1157 1385 motum
1189 1324 1347 1386 adversus
1378 1321 1432 1385 vel

257 1454 374 1508 contra
404 1445 548 1528 aliquem
579 1445 657 1508 fieri.
705 1444 761 1508 Sic
793 1441 1005 1523 παραπίπτειν
1036 1445 1169 1526 proprie
1193 1444 1311 1508 dicitur
1335 1445 1436 1506 dere

258 1564 312 1628 vel
351 1587 493 1647 persona
528 1588 612 1649 quae
647 1587 667 1630 a
696 1569 834 1629 latere
866 1568 995 1629 nobis
1030 1567 1159 1639 accidit,
1194 1565 1229 1628 τὸ
1265 1562 1434 1644 προσπεσόν

258 1697 371 1750 autem
415 1709 469 1751 ex
507 1691 692 1753 adverso
736 1707 870 1770 quoque
905 1688 1000 1750 nobis
1034 1688 1180 1750 obvenit.
1236 1687 1327 1769 Apte
1359 1707 1435 1749 con-

257 1807 381 1870 seratur
412 1809 517 1892 lphig.
549 1810 647 1873 Taur.
684 1826 767 1889 1229
798 1807 968 1885 ἐξίστασθε,
1000 1809 1044 1884 μή
1076 1831 1118 1886 τῳ
1151 1806 1307 1887 προσπέσῃ
1338 1805 1436 1883 μύσος

153 2009 159 2024 ⁸
258 1926 338 1992 τοῒε.
364 1929 531 1994 Conversa
547 1941 598 1994 est
612 1932 811 1994 constructio
827 1929 949 1993 Troad.
968 1947 1029 2008 291
1049 1951 1098 2011 sq.
1113 1927 1242 2008 οἴχομαι
1254 1929 1275 1992 οἱ
1287 1926 1433 2002 τοίλαινα,

258 2046 528 2139 δοστυχεστοίτιρίξ
541 2053 724 2133 προσέπεσον
746 2050 845 2131 κλήρῳ
869 2089 913 2098 —-
930 2053 1021 2134 perii
1044 2053 1176 2125 misera,
1186 2052 1346 2133 prolapsa
1360 2073 1434 2114 sum

258 2170 293 2233 in
304 2184 422 2236 sortem
436 2176 668 2238 miserrimam.
691 2175 788 2239 Unde
800 2176 947 2256 sequitur
960 2172 1162 2252 προσπίπτειν
1174 2194 1334 2257 persaepe
1347 2172 1436 2235 adhi-

258 2292 328 2355 beri
352 2295 394 2356 de
416 2297 564 2375 personis
588 2316 673 2377 quae
708 2305 806 2358 ante
837 2316 909 2358 ora
944 2305 1055 2359 nostra
1072 2297 1261 2378 suppliciter
1276 2296 1309 2357 in
1326 2316 1435 2378 genua

258 2411 421 2473 accidunt.
447 2413 543 2475 Hanc
560 2414 729 2476 notionem
747 2412 960 2492 παραπίπτειν
976 2423 1087 2476 tamen
1106 2435 1284 2495 numquam
1298 2418 1433 2498 accepit.

305 2530 397 2594 Sicut
439 2543 549 2597 noster
586 2534 687 2597 habet
725 2534 855 2614 σατιρρία
891 2532 1073 2614 παραπέσοι,
1109 2535 1324 2616 Thucydides
1358 2537 1436 2601 dicit

258 2656 441 2723 σκοποῦντες
470 2653 579 2733 καιρίν,
611 2653 639 2718 εί
665 2679 713 2729 τις
744 2655 926 2736 παραπέσοι,
957 2656 1014 2718 1V.
1048 2672 1100 2735 23,
1133 2677 1275 2738 eumque
1306 2666 1436 2721 secutus

259 2785 310 2838 est
334 2775 535 2857 Xenophon,
560 2778 742 2860 Hipparch.
767 2778 840 2841 vll.
864 2796 896 2855 4,
921 2775 1013 2841 ὁπότε
1035 2777 1137 2856 καιρὸς
1160 2779 1343 2857 παραπέσοι.

304 2896 482 2978 Propria
514 2901 688 2963 notione
724 2901 914 2963 Herodotus
950 2898 1051 2962 verbo
1089 2919 1165 2961 usus
1201 2908 1251 2962 est
1285 2899 1360 2962 VII.
1394 2901 1435 2982 87

257 3018 344 3080 uarie
369 3015 472 3097 τύχην
497 3025 719 3100 παραπεσοῦσα
743 3025 821 3094 νηῦς.

305 3140 423 3202 Postea
458 3141 611 3223 Polybius
647 3143 766 3223 aliique
798 3142 941 3205 historici
971 3162 1072 3222 saepe
1104 3151 1342 3223 usurpaverunt
1371 3141 1435 3205 hoc

259 3260 408 3323 verbum.

305 3454 491 3533 παρεξιέναι.
537 3454 764 3538 (παρεξελθεῖν).

305 3542 765 3559 -ι-ιαοο--ο-α

306 3627 343 3689 In
378 3627 599 3710 bicomposito
634 3624 806 3705 παρεξιέναι
842 3629 1043 3710 praepositio
1078 3627 1164 3706 παριί
1200 3629 1341 3692 eandem
1371 3631 1438 3692 vim

260 3751 379 3814 habet:
403 3750 570 3813 Phoeniss.
601 3751 682 3827 1248
707 3771 756 3831 sq.
783 3747 979 3829 παρεξιόντες
1004 3748 1031 3811 δ’
1055 3747 1152 3819 ἄλλος
1171 3747 1297 3813 ἄλλοθεν
1314 3747 1435 3836 misaeli

261 3870 364 3947 λίνοις
395 3869 548 3950 ε’ίοίρσιινον
571 3908 614 3917 -
638 3870 816 3934 accedentes
846 3893 923 3934 vero
950 3872 1014 3935 alii
1034 3873 1168 3936 aliunde
1191 3873 1373 3937 arnicarum
1398 3892 1442 3935 ex

259 3994 329 4056 acie
359 3993 467 4056 verbis
496 3992 768 4056 adhortabantur.
816 3993 938 4054 Nostro
971 3992 1045 4055 loco
1076 4005 1214 4075 utraque
1238 3993 1439 4075 praepositio

261 4137 354 4180 suam
386 4117 554 4179 notionem
585 4114 702 4190 habet;
736 4112 771 4190 ἐξ
801 4115 923 4178 indicat
954 4115 1080 4176 amicos
1112 4135 1156 4177 ex
1177 4116 1249 4178 acie
1273 4113 1438 4198 progredi,

263 4236 349 4318 παροί
373 4239 524 4320 designat
547 4239 727 4300 motionem
751 4237 794 4300 ad
818 4235 931 4299 fratres
954 4237 1100 4310 tendere,
1125 4246 1160 4300 ut
1184 4247 1273 4300 recte
1296 4235 1441 4318 explicat

260 4359 470 4424 scholiastes:
495 4355 710 4434 ἐμβάλλοντες
734 4357 807 4437 πρὸς
830 4354 953 4428 αὐτούς.
