3234 5040
622 1204 1074 1279 CONSPECTUS.

310 1593 503 1676 Priusquam
524 1593 624 1658 libelli
647 1595 712 1657 mei
734 1593 834 1657 finem
856 1591 986 1665 faciam,
1013 1612 1081 1655 non
1105 1592 1165 1656 abs
1189 1612 1224 1655 re
1248 1592 1309 1656 erit
1331 1611 1438 1676 pauca

267 1715 364 1779 adiici
394 1715 437 1779 de
467 1716 506 1778 iis
528 1717 646 1791 verbis,
670 1717 789 1799 quibus
812 1715 984 1798 Euripides
1014 1735 1034 1777 a
1057 1713 1157 1778 solito
1180 1734 1241 1776 usu
1265 1714 1440 1798 discrepat

312 1957 459 2021 Verbum
491 1963 628 2038 παρεῖναι
657 1966 707 2022 ter
737 1979 814 2021 curn
837 1957 909 2021 solo
933 1957 1120 2021 accusativo
1144 1956 1207 2020 loci
1231 1957 1439 2040 coniungitur

267 2081 356 2163 quod
380 2079 468 2163 apud
490 2080 571 2143 alios
594 2081 769 2163 scriptores
791 2099 859 2142 non
881 2079 1077 2142 invenimus.
1103 2080 1146 2161 (p.
1174 2080 1282 2162 5—7.)

311 2200 460 2265 Verbum
483 2199 634 2280 παρῆσθαι
657 2222 701 2263 ex
717 2201 864 2264 Homero
879 2201 1035 2264 traditum
1054 2200 1156 2264 semel
1173 2201 1262 2283 apud
1279 2207 1438 2274 nostrum,

267 2324 357 2406 apud
386 2321 479 2396 alios
510 2331 669 2405 quantum
691 2322 820 2397 scimus,
845 2343 1006 2404 nusquam
1030 2323 1180 2396 occurrit,
1204 2322 1441 2386 recentioribus

269 2445 429 2525 exceptis.
452 2444 496 2526 (p.
526 2446 587 2527 12.)

315 2557 427 2623 Verba
457 2557 656 2640 παραυλίζειν
679 2571 713 2626 et
737 2557 942 2641 παρασπίζειν
964 2560 1155 2644 Euripidem
1180 2561 1337 2627 formasse
1361 2564 1441 2628 veri·

268 2681 375 2743 simile
400 2689 460 2745 est.
484 2682 527 2765 (p.
556 2683 706 2765 14—16.)

314 2803 531 2867 Locutionem
556 2803 703 2885 παρέχειν
720 2802 804 2878 δίκην
820 2802 938 2889 (δίκας),
954 2825 1055 2889 quam
1070 2805 1149 2869 alibi
1164 2826 1232 2869 non
1246 2806 1439 2882 invenimus,

268 2935 385 3008 quater
418 2924 559 3010 legimus
593 2928 713 2991 eodem
748 2947 845 2990 sensu
882 2948 948 3009 quo
983 2929 1071 3011 apud
1103 2927 1235 2992 Atticos
1265 2929 1440 3011 scriptores

269 3044 381 3111 διδόναι
404 3044 495 3120 δίκην.
520 3048 563 3131 (p.
592 3065 641 3127 19,
666 3049 731 3131 20.)

311 3169 374 3232 Pro
396 3170 491 3231 nimis
514 3169 650 3251 vulgata
668 3177 829 3234 structura
846 3166 1029 3250 πράγματα
1048 3165 1197 3250 παρέχειν
1212 3179 1313 3253 poeta
1328 3178 1439 3233 noster

267 3289 369 3354 babet
392 3288 500 3362 πόνους
522 3290 679 3370 παρέχειν.
704 3292 746 3375 (p.
773 3294 837 3375 23.)

312 3409 542 3495 Compositum
586 3411 781 3492 παρατιθέναι
819 3435 863 3477 ex
902 3413 1052 3477 Homero
1091 3413 1299 3477 notissimum
1337 3409 1440 3475 semel

266 3540 393 3596 tantum
417 3535 506 3617 apud
530 3543 688 3609 nostrum,
711 3555 813 3618 saepe
835 3536 925 3618 apud
947 3535 1029 3599 alios
1051 3537 1204 3599 occurrit.
1228 3537 1272 3619 (p.
1297 3549 1350 3615 25,
1375 3534 1440 3617 26.)

311 3654 458 3718 Verbum
483 3651 731 3735 παρεντρεπίζειν
753 3667 830 3721 ante
853 3657 1047 3741 Euripidem
1071 3678 1234 3740 nusquam
1257 3656 1440 3721 adhibitum

268 3794 340 3839 esse
361 3775 499 3838 videtur.
524 3777 567 3860 (p.
593 3779 645 3850 28,
671 3778 735 3860 29.)

314 3895 463 3960 Verbum
491 3896 679 3978 παραφέρειν
702 3898 886 3981 praeditum
912 3900 1049 3962 notione
1073 3900 1164 3962 iuxta
1188 3898 1313 3965 ferendi
1335 3898 1441 3963 semel

267 4004 355 4101 apud
397 4027 557 4093 nostrum,
599 4040 762 4101 nusquam
802 4030 964 4103 quatenus
1005 4020 1155 4084 novimus
1189 4022 1280 4105 apud
1313 4030 1440 4086 ceteros

266 4139 441 4223 scriptores
464 4140 592 4223 legitur.
616 4141 659 4224 (p.
685 4157 738 4222 30,
763 4143 829 4226 31.)

312 4259 538 4344 compositum
566 4260 829 4343 superintendat
853 4271 963 4329 noster
985 4263 1074 4328 solus
1098 4264 1226 4329 videtur
1242 4265 1440 4329 adhibuisse.

266 4382 311 4466 tr>-
335 4383 400 4466 ιι)
