3234 5040
223 448 264 514 52
554 434 755 516 παροίχεοθαν
782 473 816 480 -
847 431 1064 514 παραπλαζενν

220 622 329 685 locum
353 623 520 704 accepisse
545 630 635 704 puto,
660 624 716 704 qui
733 622 887 685 adnotat:
904 620 957 684 acl
974 625 1063 685 τοῦτο
1081 627 1172 686 πονῶν
1189 619 1275 691 ε’κπθς
1291 617 1401 697 ἔσομαι

220 746 272 806 τοῦ
307 742 417 813 νείκους
451 743 524 815 θεοῖς
554 743 714 822 ὑπηρετῶν.
753 749 845 813 νεῖκος
879 743 1003 806 bellum
1035 765 1112 806 cum
1145 745 1206 807 diis
1230 752 1281 806 est
1310 744 1401 825 quod

220 867 343 929 evitare
367 885 426 927 rex
450 864 651 947 Argivorum
674 865 802 940 studet;
827 885 928 947 quare
949 865 1059 947 paullo
1076 874 1153 928 ante
1168 866 1247 928 dicit
1263 864 1402 928 multum

220 987 467 1050 sacrificandum
493 1007 565 1049 esse
590 987 661 1048 diis.
710 986 832 1048 Iterum
856 986 1043 1066 Aeschylus
1066 987 1156 1049 solus
1179 985 1243 1049 hoc
1264 987 1402 1049 verbum

221 1110 268 1171 sic
292 1127 467 1191 usurpasse
490 1107 627 1169 videtur.

267 1229 370 1311 Apud
394 1228 585 1309 Euripidem
602 1248 668 1290 uno
689 1227 764 1291 loco
782 1225 985 1308 παροίχεοθαν
1000 1228 1181 1290 invenitur:
1198 1227 1320 1290 Medea
1335 1242 1397 1308 995

221 1349 362 1424 δύστανε,
387 1349 494 1428 μοίρας
517 1344 581 1412 ὅσον
605 1347 743 1429 παροίχρ
760 1386 802 1396 -
819 1351 929 1425 miser,
946 1359 1104 1432 quantum
1122 1349 1259 1413 aberras
1275 1371 1296 1413 a
1311 1359 1399 1413 recta

221 1471 412 1536 conscientia
434 1473 595 1550 fortunae
624 1481 708 1534 tuae.
756 1471 929 1551 Perperam
953 1470 1145 1534 scholiastes
1169 1471 1401 1552 interpretatur

223 1593 380 1673 παροίχρῑ
407 1593 564 1671 παρελθεῖν
582 1592 763 1666 πεποίηκας.
811 1592 905 1655 Alter
928 1592 1094 1674 aliquanto
1111 1593 1229 1655 rectius
1246 1593 1399 1656 adnotat:

221 1711 286 1778 ὅσον
302 1719 355 1778 τοῦ
371 1715 553 1788 καθήκοντος
569 1712 746 1793 ἕξέδραμες,
763 1715 800 1784 ὡς
815 1715 859 1790 μὴ
878 1714 1004 1778 πυννέναν
1024 1710 1069 1778 ὅτε
1086 1711 1137 1777 ἐπὶ
1151 1711 1240 1793 φόνον
1252 1711 1400 1777 τὰτέκνα

221 1860 273 1901 σον
304 1833 401 1912 ἄγεις.
450 1838 482 1899 Α
513 1836 644 1900 fortuna
675 1837 727 1900 vel
755 1840 808 1900 ποῦ
831 1837 1013 1909 καθήκοντος
1036 1845 1072 1898 ut
1095 1837 1172 1899 dicit
1195 1835 1397 1910 scholiastes,

219 1961 316 2023 lason
332 1981 398 2022 non
416 1968 511 2032 errat,
527 1959 587 2021 sed
603 1980 622 2021 a
638 1959 739 2021 rectia
755 1960 889 2021 notione
906 1958 1056 2021 fortunae
1073 1978 1161 2021 suae.
1210 1957 1294 2021 Nam
1307 1959 1399 2039 quod

220 2082 360 2145 Medeae
395 2081 618 2164 morigeratur,
643 2078 725 2142 haec
748 2085 839 2158 μοῖρα
865 2080 991 2142 Iasonis
1015 2088 1074 2143 est.
1122 2078 1276 2143 Ceterum
1300 2077 1398 2157 παρα,

221 2213 257 2266 ut
279 2203 490 2286 praecedenti
515 2201 590 2265 loco
614 2201 784 2283 Aeschyli,
809 2202 855 2264 sic
875 2211 987 2264 nostro
1004 2201 1077 2264 loco
1094 2201 1314 2282 separativam
1330 2201 1398 2262 vim

220 2324 330 2387 habet.
378 2322 483 2387 Simul
505 2334 618 2386 tamen
643 2324 811 2385 notionem
842 2343 862 2384 a
893 2331 1007 2385 recta
1039 2322 1116 2394 via,
1150 2342 1236 2402 quae
1253 2321 1398 2404 genitivo

220 2444 328 2523 μοίρας
352 2447 552 2527 designatur,
577 2445 709 2526 gravius
732 2443 904 2507 confirmat
927 2444 1138 2526 praepositio.

266 2565 366 2648 Apud
405 2566 485 2629 alios
520 2564 721 2646 παροίχεσθαν
756 2565 817 2630 hac
852 2564 1088 2648 significatione
1123 2565 1294 2628 aberrandi
1330 2585 1398 2629 non

221 2707 391 2750 occurrere
414 2688 553 2750 videtur.

267 2877 494 2960 παραπλαζενν.

264 3048 376 3112 Paullo
411 3050 570 3112 intensius
604 3069 703 3132 quam
738 3070 931 3133 praegresso
965 3051 1066 3115 verbo
1101 3053 1193 3115 notio
1222 3051 1398 3116 aberrandi

220 3168 412 3252 designatur
434 3171 538 3234 verbo
562 3167 835 3250 παραπλθζεσθαν.

265 3291 369 3374 Apud
402 3291 585 3354 Homerum
616 3293 759 3356 activum
787 3314 920 3376 quoque
947 3295 1106 3377 reperitur
1129 3295 1262 3378 proprio
1285 3314 1396 3369 sensu,

221 3410 342 3494 Odyss.
375 3412 432 3475 IX.
466 3413 502 3474 81
539 3409 765 3492 παρέπλαγξεν
795 3413 828 3476 δὲ
860 3414 1004 3494 Κυθήρων.
1051 3416 1241 3480 Translate:
1271 3415 1396 3499 Odyss.

219 3535 295 3599 XX.
321 3535 384 3616 346
409 3532 633 3614 παρέπλαγξεν
657 3534 690 3599 δὲ
714 3532 813 3614 νόημα
831 3559 1000 3602 -errare
1015 3539 1101 3619 fecit
1118 3560 1229 3602 eorum
1245 3550 1395 3604 mentm.

220 3655 386 3719 Passivum
409 3657 572 3720 habemus
595 3658 676 3721 Iliad
700 3658 774 3733 XV,
799 3658 865 3737 464
880 3679 928 3740 sq.
947 3656 1183 3740 παρεπλάγχθη
1199 3657 1233 3724 δὲ
1249 3660 1273 3724 οἱ
1287 3657 1394 3748 νἐλλρξι

218 3776 258 3846 ἰὸς
282 3776 498 3856 χαλκοβαρής,
521 3779 617 3842 locali
642 3780 786 3843 notione.

263 3897 366 3980 Apud
389 3900 581 3983 Euripidem
606 3921 672 3963 uno
695 3900 769 3963 loco
784 3908 911 3964 tantum
927 3899 1083 3965 translate
1100 3903 1284 3967 adhibitum
1300 3904 1396 3967 adest

217 4016 282 4082 hoc
304 4020 441 4082 verbum
465 4021 600 4103 Hippol.
626 4037 692 4099 240
717 4026 773 4083 ποῖ
793 4017 1045 4100 παρεπλάγχθην
1069 4020 1199 4099 γνώμας
1214 4021 1395 4097 ἀγαθοῖς-

217 4170 279 4231 quo
302 4149 459 4213 aberravi
478 4172 500 4214 a
523 4172 608 4214 sana
631 4157 754 4214 mente!

262 4270 443 4355 Scriptores
467 4273 593 4337 solutae
617 4274 774 4337 orationis
798 4273 900 4336 verbo
919 4269 1137 4353 παραπλαζενν
1155 4294 1222 4336 non
1240 4282 1316 4337 sunt
1332 4275 1396 4350 usi,

216 4394 454 4458 recentioribus
477 4393 640 4458 nonnullis
664 4395 822 4476 exceptis.
