3234 5040
543 343 761 424 παρεκτρέπειν
784 378 829 395 -
853 341 1080 425 παροχετεύειν.
1354 357 1393 425 55

219 534 340 616 pidem,
365 534 419 614 qui
435 532 499 596 hoc
515 553 582 595 uno
599 531 673 596 loco
690 528 908 611 παρεκτρέπειν
925 532 1104 613 usurpavit,
1120 531 1241 613 legitur
1256 531 1394 593 verbum

217 656 309 737 apud
332 655 540 718 Plutarchum
565 655 725 736 aliosque,
748 655 825 716 item
850 654 883 715 in
908 653 1029 716 malam
1053 662 1193 737 partem.
1233 652 1393 716 Plutarch.

220 777 336 840 Moral.
360 798 392 859 p.
423 794 483 855 114
506 776 546 846 εἰς
568 772 718 854 ύοπρακτα
741 774 795 838 καὶ
819 773 999 854 βαρβαρικοὶ
1015 774 1105 848 πένύν
1122 772 1392 854 παρεκτρέπεσθαι.

264 968 493 1049 παροχετεύειν.

263 1142 416 1204 Proxime
447 1161 640 1223 praegresso
667 1141 770 1203 verbo
797 1140 925 1203 accedit
948 1137 1167 1218 παροχετεύειν
1191 1140 1281 1221 quod
1305 1139 1393 1202 idem

219 1274 319 1344 poeta
353 1263 544 1325 formavisse
576 1262 714 1335 videtur,
747 1280 947 1343 quamquam
979 1261 1121 1342 simplex
1150 1258 1305 1339 ὀχετεύειν
1328 1262 1393 1324 iam

218 1384 308 1465 apud
337 1383 541 1464 Aeschylum
572 1383 743 1458 invenitur,
775 1381 932 1445 translata
964 1383 1097 1445 notione
1122 1383 1241 1465 Agam.
1268 1382 1334 1460 840
1357 1382 1394 1453 ὡς

218 1504 293 1584 πρὸς
324 1500 397 1568 οἶκον
430 1503 601 1584 ὠχετεύετο
625 1501 732 1583 Φύσις,
758 1505 890 1586 propria
914 1503 1047 1566 notione
1071 1504 1160 1584 apud
1184 1502 1393 1567 Herodotum

218 1627 258 1691 11.
283 1644 326 1707 99
350 1627 400 1690 τὸν
426 1627 570 1704 ποταμὸν
594 1628 768 1706 ὀχετεῦσαι.
816 1624 1045 1707 Compositum
1070 1627 1165 1688 adest
1187 1625 1306 1688 Bacch.
1326 1640 1394 1707 479

218 1750 302 1811 τοῦτ’
327 1742 367 1813 αὖ
392 1746 635 1827 παρωχέτευσας
657 1740 689 1809 εὖ
712 1745 814 1810 κούδὲν
838 1744 937 1822 λέγων
952 1782 989 1792 -
1004 1744 1063 1808 hoc
1084 1746 1202 1810 iterum
1224 1746 1397 1810 declinasti

216 1879 299 1931 recte
322 1880 354 1932 et
368 1870 456 1932 nihil
467 1871 584 1933 dicens.
631 1868 833 1950 Praepositio
852 1864 936 1947 παρύ
952 1868 1075 1929 indicat
1091 1866 1276 1949 Dionysum
1291 1868 1394 1930 verba

218 1989 355 2053 Penthei
379 1993 534 2053 avertisse
559 2011 578 2053 a
593 1998 684 2052 recta
700 1991 763 2062 via,
779 2009 845 2070 qua
862 2010 938 2052 vcra
954 1990 1098 2051 invenire
1114 1989 1277 2052 Pentheus
1294 1989 1393 2071 cupit.

263 2111 395 2193 Propria
431 2132 490 2174 sua
525 2113 556 2173 vi
592 2112 634 2174 de
669 2111 884 2174 subducenda
918 2129 1004 2192 aqua
1038 2111 1139 2173 verbo
1175 2106 1394 2190 παροχετεύειν

217 2253 293 2295 usus
325 2243 375 2296 est
405 2233 606 2307 Plutarchus,
640 2232 802 2295 Themist.
835 2254 863 2296 c.
897 2250 934 2313 31
970 2229 1158 2313 ύφρρκροένος
1183 2231 1218 2295 τὸ
1242 2228 1316 2311 ὕδωρ
1339 2229 1393 2294 καὶ

215 2352 463 2435 παροχετεύσας.
