3234 5040
645 1152 866 1225 CAPUT
905 1153 950 1226 V.

346 1353 549 1436 Praepose’te'o
574 1350 659 1432 παριθ
682 1352 850 1416 rectionem
870 1362 976 1415 motus
994 1353 1092 1416 verbo
1110 1353 1258 1435 expressi

445 1474 577 1548 indicat,
602 1474 694 1538 cuius
707 1474 794 1558 finis
809 1474 1001 1556 praesentia
1024 1473 1164 1537 nle'cue'us

607 1605 770 1678 personae
791 1596 847 1659 vel
866 1595 917 1658 m·
936 1606 993 1658 est.

259 1942 476 2024 παρέρχεσθαι.
522 1940 691 2024 (παριέναι).
737 1943 927 2025 (παρελθεῖν).

261 2116 540 2198 praepositionem
561 2113 646 2195 πιιριθ
662 2116 843 2179 rectionem
858 2125 966 2179 motus
982 2115 1025 2178 ad
1042 2116 1184 2197 aliquem
1199 2117 1253 2181 vel
1269 2118 1390 2201 aliquid

217 2237 361 2301 indicare
404 2239 563 2321 imprimis
604 2247 744 2320 apparet
785 2240 819 2301 in
858 2239 1043 2319 composito
1079 2238 1284 2319 παρέρχεσθαι
1319 2241 1337 2302 i.
1361 2259 1390 2304 e.

218 2355 359 2439 ἔρχεσθαι
381 2356 460 2423 ὥστε
484 2367 630 2440 παρεῖναι.
676 2360 727 2421 Eo
743 2381 841 2424 sensu
857 2359 1041 2423 adhibitum
1057 2381 1132 2423 cum
1148 2362 1392 2445 praepositione

217 2477 274 2544 ἔσω
305 2483 512 2565 coniungitur
542 2482 660 2545 Helen.
684 2497 746 2562 451
775 2479 837 2555 οὔκ,
862 2483 938 2544 ἀλλ’
964 2478 1020 2544 ἔσω
1044 2478 1179 2560 πάρειμι·
1203 2480 1256 2545 καὶ
1280 2481 1317 2546 σθ
1340 2505 1393 2560 μοι

220 2601 303 2664 πιθοῦ
326 2637 370 2650 -
392 2623 455 2665 non
486 2603 646 2684 (faciam),
678 2604 739 2667 sed
768 2603 907 2675 intrabo,
939 2612 971 2667 et
999 2614 1035 2666 tu
1058 2614 1146 2684 pare
1167 2603 1261 2667 mihi.
1307 2603 1392 2667 Item

218 2720 375 2804 Sophocl.
399 2722 519 2788 Electr.
548 2739 640 2805 1337.
688 2722 771 2787 Cum
795 2725 1037 2807 praepositione
1061 2724 1234 2808 delegitur
1251 2726 1310 2788 Ion
1327 2725 1390 2789 228

220 2853 253 2907 et
284 2860 350 2924 229
381 2841 490 2924 irripere
517 2846 547 2915 ἐς
570 2843 714 2922 θυμέλας,
740 2844 792 2908 ἐπὶ
816 2845 843 2908 δ’
866 2842 1199 2931 θσΦιὶκτσιςθΙμήλωσι
1223 2843 1322 2923 δόμων
1346 2847 1391 2923 μὴ

221 2962 325 3045 πάριτ’
355 2965 386 3039 ἐς
416 2966 521 3047 μυχόν
546 3005 586 3014 -
610 2967 739 3031 introite
765 2968 801 3031 in
824 2989 959 3047 arenm;
982 2969 1050 3031 nisi
1071 2988 1148 3032 nero
1170 2968 1394 3032 mactaverint

219 3108 303 3162 oves,
328 3088 425 3152 nolite
447 3089 573 3153 intrare
594 3089 629 3152 e'n
653 3089 838 3152 interiorem
861 3091 985 3153 nedem.
1032 3089 1069 3151 In
1089 3089 1207 3152 eadem
1222 3089 1393 3172 tragoedia

220 3210 338 3272 iterum
368 3230 443 3273 cum
473 3211 716 3293 praepositione
747 3209 788 3283 εἷς
815 3213 957 3274 occurrit
979 3231 1027 3273 vs.
1057 3225 1136 3292 1171
1163 3231 1212 3294 sq.
1237 3211 1393 3291 παρελθὼν

221 3327 358 3410 πρέσβυς
391 3330 422 3403 ἐς
444 3329 536 3406 μέσον
571 3328 767 3418 πέδιιΗέστιρ
791 3351 957 3394 -senex
971 3341 1169 3415 progressus
1192 3332 1227 3395 e'n
1249 3333 1391 3397 medium

220 3453 325 3517 solum
355 3452 504 3517 constitit.
551 3452 728 3516 Extremus
754 3454 845 3517 locus
869 3452 1042 3516 transitum
1068 3451 1144 3516 iacit
1167 3454 1308 3516 adeam
1333 3456 1393 3518 usi·

220 3575 415 3639 tatissimam
440 3577 622 3647 notionem,
645 3594 712 3656 qua
734 3575 924 3657 saepissime
942 3574 1117 3656 scriptores
1133 3576 1236 3639 Attici
1252 3576 1302 3639 usi
1318 3585 1395 3639 sunt

220 3701 283 3761 hoc
305 3698 418 3771 verbo,
443 3706 479 3761 ut
502 3698 683 3761 indicarent
714 3697 900 3781 aliquem
933 3698 984 3760 ad
1014 3695 1276 3779 loquendum
1306 3718 1393 3780 pro

221 3820 357 3902 gredi,
381 3840 410 3882 e.
435 3841 467 3902 g.
490 3818 643 3899 Thucyd.
668 3818 707 3880 11.
735 3832 776 3899 59
801 3818 957 3898 παρελθὼν
980 3816 1014 3881 δὲ
1036 3815 1124 3893 ἔλεξε
1147 3815 1259 3883 τοιάδε.

266 3941 398 4005 Deinde
428 3941 492 4004 hoc
522 3941 740 4023 compositum
772 3961 848 4003 cum
878 3940 950 4003 solo
978 3940 1165 4004 accusativo
1188 3941 1394 4004 construitur.

220 4063 290 4129 Iam
307 4083 404 4144 supra
420 4063 463 4144 (p.
483 4075 498 4142 5
517 4063 611 4145 sqq.),
627 4081 702 4123 cum
718 4060 760 4124 de
777 4063 879 4125 verbo
897 4066 1034 4141 παρεῖναι
1045 4062 1185 4145 egimus,
1198 4060 1285 4125 hunc
1297 4083 1394 4126 usum

222 4183 398 4249 accusativi
422 4203 520 4265 quem
540 4183 637 4245 valde
653 4202 783 4245 amasse
800 4190 900 4264 poeta
915 4191 1027 4245 noster
1043 4182 1182 4257 videtur,
1200 4184 1395 4248 notavimus.

225 4305 362 4390 Hippoi,
400 4306 460 4368 108
489 4326 539 4387 sq.
564 4304 698 4384 χωρεῖτ’,
721 4301 839 4378 θπαθσθ,
863 4301 916 4366 καὶ
941 4301 1140 4383 παρελθόντες
1162 4301 1396 4391 θθμσωςΙΙσθτων
