3234 5040
665 1116 887 1190 CAPUT
922 1118 989 1189 Vl.

288 1316 494 1398 Praepositio
519 1312 605 1396 repul
626 1316 901 1401 trangressionem
924 1315 960 1379 in
983 1316 1087 1380 alium
1113 1315 1215 1380 locum
1234 1317 1374 1380 denotat.

290 1717 452 1780 Venimus
471 1717 515 1780 ad
532 1737 572 1780 ea
587 1716 698 1790 verba,
714 1717 747 1780 in
763 1717 882 1798 quibus
896 1737 1097 1798 quamquam
1114 1717 1276 1798 cogitatur
1285 1736 1420 1798 quoque

239 1839 288 1903 de
321 1838 395 1902 loco
427 1838 515 1902 unde
545 1839 633 1902 actio
664 1837 701 1900 fit
730 1846 844 1901 tamen
873 1838 977 1900 maior
1006 1838 1055 1900 vis
1078 1837 1166 1900 cadlt
1188 1836 1352 1900 inlocum
1375 1837 1418 1900 ad

242 1980 346 2044 quem
373 1959 411 2024 fit
434 1961 548 2023 motio.
597 1959 634 2024 In
657 1958 709 2022 his
731 1959 1026 2042 compositionibus
1051 1954 1136 2038 παρα
1159 1978 1259 2041 saepe
1282 1958 1419 2022 reddere

247 2102 425 2166 possumus
447 2101 512 2164 ope
534 2081 727 2145 Latinorum
750 2081 1002 2164 praepositionis
1024 2091 1126 2144 trans.

288 2412 439 2477 Verbum
463 2411 650 2493 παραφέρειν
673 2422 739 2476 est:

288 2608 318 2655 a.
366 2588 465 2672 φέρειν
488 2613 519 2655 τι
541 2587 620 2654 ὥστε
643 2596 792 2670 παρεῖναι.

288 2744 321 2811 b.
371 2743 471 2826 φέρεῖν
495 2768 526 2809 τι
548 2741 626 2809 ὥστε
649 2751 788 2825 παρεῖναι
810 2744 878 2808 τινί.

288 2921 423 3006 Propria
448 2924 585 2988 notione
608 2924 697 3005 apud
721 2933 867 2987 nostrum
890 2925 1052 3007 tragicum
1074 2943 1141 2987 non
1160 2925 1309 2996 occurrit,
1327 2925 1416 3006 apud

238 3043 419 3126 scriptores
443 3045 574 3110 solutae
596 3045 753 3109 orationis
776 3046 967 3128 saepissime
990 3066 1059 3130 eg
1082 3045 1234 3128 Xenoph.
1252 3043 1374 3128 Cyrop.
1391 3045 1416 3107 l.

245 3180 274 3244 3.
305 3166 336 3228 6.
373 3165 479 3230 πολλὰ
515 3166 598 3245 αὐτῷ
630 3166 818 3248 παραφέρειν
848 3166 947 3247 θήρεια
971 3166 1024 3231 καὶ
1048 3171 1106 3230 πῶν
1129 3163 1253 3246 ἡμέραν,
1277 3168 1319 3228 de
1341 3164 1416 3229 cibo

241 3284 453 3365 apponendo.

287 3403 461 3487 Euripides
493 3406 650 3470 translate
680 3405 784 3470 verbo
812 3427 889 3469 usus
912 3415 963 3470 est
985 3406 1091 3490 lphig.
1118 3407 1193 3471 Aul.
1217 3410 1278 3487 981
1306 3404 1418 3488 αἰσχύ-

236 3545 333 3601 νομαι
364 3522 398 3586 δὲ
433 3523 641 3606 reponerem
659 3525 790 3606 οἰκτροὺς
804 3526 917 3604 λόγους
932 3567 973 3576 -
990 3529 1136 3593 erubesco
1151 3539 1260 3593 auum
1275 3532 1418 3612 afferens

246 3645 437 3709 miseranda
466 3647 577 3713 verba.
628 3648 793 3712 Phoeniss.
831 3667 914 3730 1139
943 3670 991 3732 sq.
1016 3672 1090 3713 cum
1113 3651 1243 3715 dativo:
1268 3657 1365 3731 παρῆν
1388 3649 1415 3713 δ’

245 3764 375 3831 ἕκαστον
391 3768 487 3832 τῶνδε
505 3792 556 3847 μοι
573 3766 737 3858 θεαμαπαΗ
747 3767 885 3848 ξύνθημα
902 3771 1088 3853 παρφέροντι
1104 3771 1242 3848 ποίμεσιν
1257 3770 1418 3850 λόχων-

240 3889 356 3953 licebat
378 3901 488 3954 autem
510 3891 644 3975 singula
668 3912 793 3975 queque
815 3892 902 3956 milei
921 3903 1064 3974 spectare
1086 3903 1242 3955 tesseram
1267 3892 1421 3974 afferenti

245 4011 380 4074 ducibus
403 4013 565 4076 ordinum.
614 4013 793 4076 Notionem
818 4014 909 4076 iuxta
932 4012 1056 4077 ferendi
1071 4033 1171 4096 supra
1186 4013 1417 4076 illustravimus

248 4132 293 4214 (p.
318 4148 370 4212 30,
396 4135 460 4217 31),
485 4135 540 4198 ubi
564 4135 606 4198 de
628 4132 866 4217 significatione
889 4135 1143 4218 praeterferendi
1167 4135 1266 4198 etiam
1290 4135 1416 4217 egimus

239 4274 332 4336 quae
356 4256 444 4338 apud
468 4265 614 4319 nostrum
639 4275 705 4319 non
727 4258 876 4319 occurrit.

290 4375 358 4439 Alii
381 4379 556 4460 scriptores
579 4378 681 4441 verbo
706 4376 893 4457 παραφέρειν
908 4398 1154 4459 nonnumquam
1170 4379 1218 4440 usi
1234 4387 1311 4441 sunt
1325 4398 1416 4461 prae-
