3234 5040
260 1351 384 1416 Studiis
422 1352 618 1417 academicis
652 1351 752 1416 finem
788 1352 980 1434 imposituro
1016 1359 1117 1416 restat
1153 1350 1232 1415 mihi
1267 1350 1390 1415 laetum

216 1490 358 1556 officium
376 1491 462 1567 Tibi,
478 1491 658 1557 clarissime
673 1491 809 1575 Kuiper,
826 1493 1004 1574 promotori
1021 1511 1107 1567 meo,
1124 1491 1247 1574 gratias
1257 1490 1389 1574 agendi.

217 1630 358 1693 Laetum
387 1628 468 1693 illud
499 1629 643 1693 officium
673 1650 813 1711 semper,
845 1629 904 1693 sed
932 1628 1011 1693 mihi
1034 1627 1249 1694 laetissimum
1274 1637 1309 1691 et
1331 1628 1392 1690 sin·

218 1766 340 1851 gulare,
372 1769 530 1850 quoniam
555 1787 621 1831 non
645 1769 750 1832 solum
774 1768 808 1830 in
830 1766 1013 1831 Academia
1035 1786 1164 1850 semper
1187 1766 1336 1830 doctrina
1359 1773 1393 1828 et

220 1904 453 1970 benevolentia
486 1906 559 1970 Tua
594 1926 672 1969 usus
706 1926 791 1982 sum,
826 1906 887 1969 sed
921 1905 1021 1968 etiam
1054 1925 1107 1969 me
1131 1924 1270 1987 puerum
1293 1911 1392 1985 atque

223 2042 394 2124 Gymnasii
409 2043 643 2119 Harlemensis,
660 2028 752 2108 cuius
767 2045 962 2108 memoriam
973 2042 1100 2107 Tecum
1111 2041 1196 2116 colo,
1209 2041 1393 2116 alumnum,

222 2181 405 2245 Homerum
436 2203 545 2248 amare
576 2182 725 2247 docuisti.
771 2179 860 2263 Quid
883 2190 995 2247 autem
1018 2183 1050 2245 in
1073 2180 1308 2266 componendo
1329 2180 1394 2245 hoc

222 2320 382 2401 opusculo
405 2320 481 2384 Tibi
503 2321 656 2397 debeam,
680 2321 787 2403 quivis
809 2320 906 2384 huius
929 2323 975 2385 rei
999 2323 1122 2404 peritus
1145 2321 1245 2384 novit.

268 2457 312 2520 Et
334 2456 483 2536 Vestrae,
507 2461 566 2524 viri
589 2458 756 2524 clarissimi
781 2458 903 2533 Naber,
924 2460 1078 2536 Karsten,
1095 2460 1249 2537 Valeton,
1266 2460 1394 2525 Bellaar

224 2592 386 2680 Spruyt†,
410 2595 479 2673 Six,
503 2597 579 2662 Van
603 2598 668 2662 den
692 2598 747 2673 Es,
771 2618 910 2681 quorum
933 2599 1128 2663 lectionibus
1150 2618 1211 2683 per
1225 2607 1276 2662 tot
1291 2618 1394 2663 annos

223 2733 362 2810 interfui,
401 2738 569 2801 doctrinae
605 2747 639 2801 et
671 2737 882 2802 humanitatis
917 2757 1015 2822 spero
1051 2736 1120 2801 sore
1156 2745 1192 2799 ut
1228 2756 1395 2820 nunquam

225 2872 407 2939 obliviscar.

268 3011 420 3096 Denique
452 3017 598 3080 omniurn
628 3017 683 3099 qui
714 3016 747 3079 in
777 3014 908 3079 edendo
938 3015 1002 3079 hoc
1033 3014 1144 3080 libello
1171 3014 1249 3079 mihi
1273 3015 1395 3080 auxilio

226 3150 354 3216 suerunt
376 3155 569 3218 memoriam
592 3164 688 3237 grato
712 3155 821 3218 animo
845 3174 977 3238 semper
1000 3154 1206 3219 recordabor.
