3234 5040
575 1181 795 1256 CAPUT
834 1181 905 1258 lV.

217 1414 418 1496 Praepositio
442 1411 528 1491 παροί
551 1414 677 1476 indicat
696 1424 818 1477 motum
843 1436 937 1497 quem
960 1415 1094 1479 verbum
1116 1417 1272 1499 exprimit

551 1556 572 1598 a
595 1555 674 1598 vera
696 1537 755 1598 via
777 1535 941 1599 aberrare.

649 1744 842 1752 ——a—u-

202 1898 373 1962 Paullatim
405 1919 423 1962 e
452 1901 637 1981 separativa
669 1901 701 1962 vi
733 1900 984 1982 praepositionis
1016 1908 1088 1962 orta
1119 1908 1169 1963 est
1199 1902 1333 1964 notioa

161 2041 260 2083 vera
291 2022 368 2093 via,
393 2021 419 2083 si
432 2022 464 2083 in
479 2022 599 2084 malam
612 2031 738 2104 partem
751 2023 854 2085 verbo
867 2021 961 2085 alicui
975 2023 1171 2104 adiungitur.
1189 2021 1333 2104 Sequan-

159 2150 213 2204 tur
235 2142 345 2214 verba,
370 2142 402 2203 in
421 2140 539 2224 quibus
555 2140 638 2205 hauc
654 2143 720 2205 vim
736 2144 1015 2225 praepositionem
1032 2144 1143 2206 videre
1159 2144 1331 2225 possimus.
1420 2199 1427 2212 .

206 2335 419 2416 παροίχεπίαι.

205 2504 308 2585 Apud
328 2504 514 2566 Homerum
530 2504 594 2568 hoc
616 2505 752 2568 verbum
768 2504 930 2589 siguificat
960 2506 1210 2588 praeterire,
1241 2505 1333 2569 Iliad.

159 2626 217 2689 IV.
246 2639 308 2706 272
350 2623 506 2704 Ἀτρείδης
545 2624 577 2689 δὲ
613 2627 780 2707 παρῷχεπο
814 2626 975 2702 γηθόσυνος
1009 2635 1074 2706 κῆρ.
1127 2627 1209 2690 Inde
1243 2628 1332 2711 apud

160 2756 310 2831 posteros
355 2746 440 2829 hanc
482 2749 651 2811 notionem
694 2758 804 2812 servat
846 2750 1036 2830 praesertim
1079 2750 1121 2811 de
1163 2757 1331 2831 tempore:

161 2867 286 2931 Herod.
310 2869 366 2932 lx.
394 2869 433 2949 58
466 2868 526 2933 ὑπὸ
548 2869 603 2943 τὴν
624 2867 848 2948 παροιχομένην
864 2867 972 2945 νύκτα,
988 2868 1142 2952 Xenoph.
1159 2870 1289 2933 Hellen.
1306 2870 1332 2932 1.

160 3007 191 3068 4.
220 3006 257 3070 17
283 2989 512 3070 παροιχομένων
535 2996 636 3053 κακῶν
660 2987 765 3062 αίπιος.

204 3112 242 3175 ln
265 3111 428 3193 Aeschyli
449 3113 622 3196 tragoedia
646 3110 761 3196 Suppl.
780 3114 843 3193 748
855 3113 1012 3195 peculiari
1028 3133 1125 3176 sensu
1141 3112 1333 3176 adhibetur:

161 3233 354 3314 παροίχομαι
376 3230 468 3313 Φόβῳ
483 3235 621 3315 —perii
638 3244 725 3314 prae
743 3234 867 3297 timore.
914 3233 1023 3297 Facile
1040 3254 1059 3297 e
1075 3235 1183 3318 priore
1199 3237 1334 3298 notione

160 3357 388 3437 praetereundi
412 3375 527 3418 sensus
549 3356 710 3437 pereundi
733 3365 828 3420 natus
852 3376 925 3420 esse
948 3365 1077 3439 potest;
1101 3365 1231 3440 tempus
1247 3359 1334 3420 enim

160 3477 250 3558 quod
273 3477 449 3559 praeteriit,
472 3478 578 3558 periit.
623 3477 797 3541 Praeterea
820 3476 937 3540 melius
962 3477 1039 3540 mihi
1064 3479 1193 3541 videtur
1208 3488 1335 3542 vertere

153 3598 247 3680 perii
267 3619 365 3680 quam
382 3609 492 3679 pereo,
517 3609 553 3661 ut
572 3597 764 3662 Schuetzius
779 3599 858 3662 vult.
904 3597 1042 3662 Perfecti
1058 3600 1149 3662 notio
1165 3601 1197 3662 in
1213 3600 1333 3663 talibus

160 3719 301 3800 querelis
335 3739 435 3801 saepe
467 3719 641 3794 invenitur,
672 3716 826 3783 οίπίνιονια
857 3717 962 3802 Soph.
992 3719 1129 3784 Philoct.
1155 3734 1230 3801 742.
1276 3720 1334 3785 Ab

161 3841 230 3904 aliis
280 3838 482 3920 παροίχεσίαι
529 3841 663 3905 notione
717 3841 876 3922 pereundi
922 3839 1105 3904 adhibitum
1149 3861 1222 3905 esse
1268 3862 1335 3906 non

160 3963 268 4026 video.

206 4082 399 4166 Separativa
430 4083 479 4146 vis
509 4082 761 4167 praepositionis
792 4081 940 4166 perlucet
969 4084 1002 4145 in
1024 4083 1142 4148 eadem
1164 4085 1335 4167 tragoedia

161 4204 319 4286 Aeschyli
353 4225 401 4268 vs.
436 4221 504 4285 449
538 4197 555 4277 ἦ
589 4201 690 4283 νιοίρπα
723 4203 836 4278 νείκους
866 4202 948 4269 τοῦδ’
981 4203 1041 4280 ἐγὼ
1075 4203 1269 4285 παροίχομαι
1290 4241 1335 4256 -

160 4327 289 4391 omnino
311 4347 388 4390 vtro
412 4325 454 4389 ab
478 4326 541 4390 hac
554 4326 612 4390 lite
625 4347 685 4411 ego
701 4325 845 4390 abstineo
859 4346 989 4391 manus.
1038 4326 1122 4390 ltem
1138 4326 1334 4391 scholiasten
