3234 5040
224 452 267 518 50
688 439 934 520 παρεμβλέπειν.

223 623 477 703 ὑπεκλαμβιένειν
499 626 610 706 (Herc.
634 627 709 690 Fur.
734 629 822 710 998).
847 626 1012 692 Omnibus
1035 629 1123 692 hisce
1148 630 1228 693 locis
1250 632 1340 713 quod
1356 634 1400 696 ad

222 757 414 811 contextum
452 750 579 823 attinet,
617 749 766 832 singulae
806 749 1065 832 praepositiones
1105 750 1278 826 sufficiunt,
1317 774 1402 836 quas

222 869 378 934 adhibere
401 870 508 951 potuit
530 879 631 951 poeta
654 870 780 932 levibus
801 870 1048 943 mutationibus,
1065 873 1124 935 sed
1140 883 1222 956 puto
1239 894 1295 937 eas
1311 895 1399 939 com·

222 993 403 1074 positiones
434 1010 519 1064 eum,
552 1011 786 1072 nonnunquam
819 1001 926 1054 metro
956 1002 1119 1066 coactum,
1145 993 1338 1060 formavisse
1362 1005 1402 1060 ut

221 1115 379 1176 maiorem
403 1113 468 1175 vim
493 1113 653 1176 adderent
676 1114 868 1176 sententiae.

266 1235 451 1298 Verisimile
487 1255 553 1298 non
588 1244 639 1298 est
673 1235 865 1316 Euripidem
899 1237 1004 1299 verbo
1036 1237 1271 1317 παρεμβλέπειν
1303 1260 1399 1306 usum

222 1377 304 1430 esse,
336 1377 377 1419 ne
409 1365 547 1437 poneret
578 1354 794 1435 παραβλέπειν
825 1355 999 1438 (producto
1030 1359 1079 1440 α);
1109 1379 1184 1422 nam
1208 1360 1329 1424 Helen.
1354 1363 1403 1426 60

221 1474 355 1554 ἔβλεπεν
385 1480 557 1561 (producto
580 1480 615 1562 ε),
639 1478 804 1555 Phoeniss.
832 1493 847 1559 5
854 1493 891 1558 51
920 1479 1158 1558 περιβλέπεσθαι
1180 1483 1354 1565 (producto
1378 1486 1398 1568 ι)

221 1600 313 1670 dixit,
346 1620 547 1681 quamquam
577 1608 693 1682 postea
724 1601 903 1681 reperimus
933 1601 1116 1684 perlectum
1141 1602 1295 1684 βέβλεΦα
1318 1606 1402 1687 (cor-

221 1730 315 1803 repto
346 1721 380 1803 ε).
413 1720 513 1801 Quod
544 1724 586 1784 ad
611 1722 811 1784 locutionem
836 1720 1071 1800 παρεμβλέπων
1094 1724 1135 1795 εἷς
1158 1722 1246 1803 κέρας
1269 1726 1396 1802 attinet,

221 1852 309 1906 recte
344 1845 441 1907 vertit
469 1844 595 1925 Jerram
622 1843 784 1926 glancing
814 1844 962 1928 sidelong
990 1847 1136 1909 towards
1166 1845 1220 1909 his
1252 1847 1335 1909 horn
1357 1869 1401 1912 as

219 1963 344 2047 though
371 1964 567 2047 meditating
587 1985 631 2026 an
655 1965 773 2027 attach.
798 1961 890 2026 Sicut
913 1963 1003 2048 pugil
1025 1976 1158 2047 paratus
1182 1968 1225 2029 ad
1248 1989 1396 2052 pugnam

222 2088 324 2151 modo
346 2107 477 2170 pugnos
500 2106 577 2148 suos
596 2087 697 2148 modo
714 2086 935 2148 adversarium
954 2088 1069 2149 intueri
1086 2087 1179 2163 solet,
1196 2087 1285 2151 haud
1301 2110 1399 2155 secus

219 2220 332 2274 taurus
356 2208 432 2272 iacit
454 2210 593 2290 impetus
617 2207 788 2271 meditans.
816 2207 959 2271 Primum
983 2205 1059 2285 ὄμμΙ
1081 2208 1265 2290 ἀναστρέφει
1281 2209 1395 2291 κύκλῳ,

218 2347 290 2401 tum
312 2331 353 2401 εἷς
374 2327 463 2408 κέρας
487 2326 716 2407 παρεμβλέπει.
740 2329 852 2391 Ferox
875 2349 954 2392 sane
978 2331 1063 2393 illius
1086 2333 1194 2395 vultus
1218 2343 1277 2407 est,
1294 2354 1397 2415 quare

220 2473 321 2534 saepe
343 2451 528 2514 invenimus
543 2448 689 2529 παύρερδεν
706 2447 834 2525 βλέπειν
850 2450 960 2532 (Arist.
978 2452 1091 2514 Ranae
1109 2453 1196 2535 804),
1213 2454 1395 2533 τανριῦεθαι

219 2574 351 2654 (Medea
382 2573 446 2655 92).
477 2572 530 2633 Ex
558 2571 609 2633 his
632 2571 851 2634 locutionibus
876 2571 1049 2654 Euripides
1073 2594 1192 2636 novam
1216 2577 1397 2649 constituit,

221 2694 340 2757 Bacch.
374 2709 449 2773 743,
472 2692 513 2764 εἷς
536 2691 624 2770 κέρας
647 2692 809 2768 θυμοῦσθαι
834 2730 875 2740 -
900 2695 986 2757 irato
1008 2695 1101 2758 vultu
1125 2696 1159 2758 in
1181 2717 1278 2758 cornu
1302 2698 1398 2761 tueri.

220 2817 327 2899 Magis
362 2815 394 2878 in
426 2823 579 2897 promptu
610 2823 660 2876 est
690 2834 709 2876 e
740 2816 893 2897 peculiari
924 2816 1059 2880 notione
1092 2816 1327 2897 παρεμβλέπειν
1357 2818 1400 2889 εἷς

219 2936 309 3018 κέρας
343 2945 454 3000 natam
489 2956 561 2998 esse
591 2935 782 3017 ampliorem
813 2935 1013 3000 locutionem
1045 2937 1207 3014 θυμοῦσθαι
1237 2938 1277 3008 εἷς
1307 2937 1400 3019 κέρας

220 3080 319 3142 quam
341 3058 426 3121 hanc
449 3077 492 3119 cx
515 3055 570 3119 illa
593 3057 769 3120 deductam
794 3078 877 3120 esse.

264 3180 405 3244 Accedit
439 3179 528 3260 quod
563 3175 692 3254 βλέπειν
726 3174 767 3249 εἷς
800 3200 830 3241 πι
865 3177 1072 3241 usitatissima
1104 3181 1304 3243 constructio
1335 3190 1396 3258 est,

222 3303 382 3380 θυμοῦσθαι
405 3299 447 3372 εἷς
469 3325 499 3364 πι
523 3285 586 3364 hoc
610 3320 676 3364 uno
700 3300 774 3363 loco
794 3301 942 3364 occurrit.
968 3297 1056 3363 Sane
1073 3301 1191 3362 dicitur
1207 3301 1296 3379 ὀργὴν
1312 3298 1399 3382 ἔχειν

220 3423 261 3495 εἷς
282 3447 352 3488 τινα
373 3423 541 3508 (Sophocl.
558 3421 693 3485 Philoct.
715 3422 820 3504 1293),
838 3419 949 3498 μννέειν
964 3417 1006 3493 εἷς
1021 3444 1089 3484 πινα
1105 3420 1201 3504 (Oed.
1218 3422 1290 3486 Col.
1307 3424 1397 3509 969),

219 3546 279 3610 sed
305 3556 383 3609 tunc
406 3546 535 3608 diversa
558 3551 608 3606 est
630 3543 678 3605 vis
700 3542 961 3625 praepositionis,
986 3564 1070 3625 quae
1094 3543 1213 3607 Bacch.
1239 3559 1302 3624 743
1327 3567 1397 3610 non

217 3667 367 3750 quadrat.

263 3788 316 3852 De
355 3786 539 3869 separativa
577 3785 609 3847 vi
645 3784 896 3866 praepositionis
932 3782 1018 3864 παρα
1052 3786 1085 3848 in
1119 3788 1222 3849 verbo
1257 3785 1397 3866 παριέναι

217 3910 285 3973 vid.
309 3929 337 3972 c.
362 3908 404 3971 V.
